2018 3714
64 202 183 288 cipe.
264 212 506 269 arsucuutcue
522 214 611 267 msr.
627 213 693 265 uta.
709 214 756 266 1v.
886 224 943 286 271

63 305 156 371 Tune
166 307 209 369 ait
221 309 259 369 ad
273 304 397 369 Petmm
411 330 418 367 ε
435 307 509 368 Non
522 321 565 368 est
578 306 654 367 mihi
668 327 783 387 ponere
794 308 888 369 virtus

64 400 173 462 Unam
186 398 365 484 pervigilem
377 400 466 461 tantis
477 401 532 461 sub
545 400 660 462 casibus
672 401 799 463 horam?

67 489 129 555 Sed
140 493 278 577 vigilate,
292 513 421 574 precor,
434 514 474 555 ne
486 515 539 555 vos
551 494 676 555 tentatio
690 506 792 573 raptos

66 582 206 647 Horrida
216 587 386 668 praecipitet
396 607 478 648 saevae
490 608 546 668 per
556 587 672 649 lubrica
683 586 799 648 mortis.

69 675 203 759 Spiritus
213 680 269 741 iste
282 680 376 764 riget,
391 680 442 741 sed
454 701 563 762 corpus
576 681 676 743 debile
690 680 778 740 labat.

69 767 202 835 Secessit
214 792 314 834 rursus
326 773 433 835 secreti
443 774 554 835 montis
565 774 596 834 in
611 795 732 849 arcem,

70 862 247 946 orabatque
259 865 381 928 Patrem
396 890 404 927 ι
419 865 536 930 Rerum
549 868 706 929 mitissime
719 879 835 942 rector,

68 955 163 1022 Hunc
173 958 318 1041 quorum
331 960 456 1023 calicem
468 981 532 1021 non
543 973 587 1022 est
598 962 724 1022 transire
738 971 886 1042 potestas,

68 1052 142 1112 dam
152 1066 204 1113 tua
215 1055 371 1135 proueniat
382 1067 484 1116 nostra
494 1056 532 1115 de
547 1068 627 1116 sorte
639 1055 785 1115 voluutas.

68 1142 187 1209 Rursus
196 1146 359 1229 discipulos
368 1148 469 1208 somni
482 1148 536 1209 sub
549 1150 684 1230 pondere
696 1166 815 1228 pressos
909 1182 912 1188 ·

67 1236 206 1315 Invenit,
220 1253 251 1300 et
261 1260 362 1303 rursus
372 1241 473 1317 idem,
487 1241 621 1324 genitore
635 1253 781 1322 precato,

63 1330 242 1413 Alloquitur
251 1332 330 1395 fesso
343 1354 434 1395 nexos
447 1335 591 1418 languore
601 1334 728 1415 quietius

60 1422 146 1486 Jam'
152 1426 287 1487 dormire
299 1426 385 1506 lieet,
399 1429 555 1507 sociosque
566 1429 694 1488 revisere
706 1437 829 1489 vestros.

57 1516 240 1584 Namrenit
252 1542 341 1599 ecce,
354 1544 457 1583 meum
468 1524 520 1604 qui
534 1524 621 1583 dedat
633 1523 670 1582 ad
682 1520 785 1580 omnia
798 1536 924 1598 corpus,

63 1614 149 1693 Quae
160 1614 306 1677 maculata
316 1618 394 1677 meis
403 1618 541 1697 imponet
553 1616 643 1678 factio
656 1614 820 1687 membris,

66 1702 152 1768 Cum
162 1707 241 1771 dictu
253 1708 367 1784 Judas‚
381 1730 509 1771 numero
522 1712 650 1791 stipante
664 1721 806 1782 catervae,

61 1799 197 1863 Advenit
207 1822 372 1883 procerum
385 1805 484 1884 jussu,
497 1801 795 1886 populiqud'ierocis.

59 1891 141 1957 Pars
152 1896 261 1958 strictis
272 1896 392 1980 gladiis,
406 1917 476 1977 pars
488 1896 583 1958 fidens
596 1897 730 1977 pondere
742 1894 834 1956 clarae

61 1986 158 2071 Signa
170 1990 368 2069 sequebantur
378 1989 401 2049 J
403 1991 468 2051 udae
478 1988 773 2070 promissaiurentis.

61 2078 181 2144 Oscula
190 2100 261 2142 nam
275 2082 389 2166 pepigit
401 2098 464 2142 sese
478 2082 650 2164 contingere
666 2078 788 2142 Christi.

61 2175 138 2256 Quo
151 2176 240 2240 tacite
251 2177 386 2259 ignotum
400 2188 520 2256 caperet
531 2171 831 2254 miserabile'vulgusa

59 2266 119 2329 llle
131 2268 185 2330 ubi
197 2260 385 2330 dissimulans
395 2268 506 2330 blanda
518 2288 587 2329 cum
600 2287 675 2329 voce
688 2265 810 2341 salutat,

59 2360 167 2444 Attigit
178 2374 208 2423 et
219 2361 308 2423 labiis
319 2362 388 2445 justi
400 2362 582 2424 uenerabilis
595 2380 666 2434 ora,

59 2451 219 2516 Continuo
234 2453 369 2517 Christus
384 2478 390 2514 :
404 2452 520 2518 Totum
532 2454 687 2535 complere
701 2452 820 2527 licebit,

59 2543 134 2610 Huc
144 2549 261 2611 venisse
275 2561 327 2609 tuo
341 2567 524 2627 quaecunque
538 2561 581 2608 est
594 2568 680 2610 eausa
692 2559 807 2629 paratu.

56 2636 198 2721 injecere
208 2661 332 2702 manum
345 2639 459 2715 turber
471 2639 685 2721 Christumque
697 2638 895 2720 prehendunt

97 2730 189 2797 Tunc
199 2755 216 2795 e
227 2731 380 2813 discipulis
392 2753 469 2793 unus
481 2733 610 2816 fulgente
620 2733 768 2794 machaera

59 2822 206 2889 Occurrit
214 2825 409 2889 vatislamulu
422 2825 553 2887 sublatus
565 2828 597 2886 in
612 2827 707 2898 iram,

57 2917 218 3003 Tempore
229 2933 258 2982 et
268 2938 416 2981 excussam
425 2920 523 3001 rapuit
535 2919 565 2980 vi
581 2917 710 2978 vulneris
724 2934 841 2976 aurem..

61 3008 130 3073 Olli
148 3011 285 3077 Christus
298 3013 356 3085 ait3
370 3010 514 3075 Gladium
526 3010 674 3092 luponito
684 3053 697 3086 s
709 3021 834 3072 nostec:
