2046 3712
57 262 137 351 atq.
183 274 426 330 constemus
443 278 597 335 essesut
615 280 681 335 ιιιι.
697 281 743 337 ιιι.

45 448 48 455 Ι
81 382 198 433 tmuuos
210 381 242 431 et
253 387 320 429 sara
330 367 422 431 etiam
435 371 560 452 durique
573 373 688 434 metalli

112 482 200 527 cavas
210 460 349 543 speeies,
363 475 394 523 et
406 482 500 525 cassas
512 464 578 527 luce
590 465 712 548 figuras,

132 555 157 617 't
165 554 297 617 mortale
309 576 400 639 genus
412 570 586 637 mentesque
596 559 733 640 supernis

30 647 159 715 heum
172 648 281 733 fregit,
292 661 438 731 terrasque
450 652 569 712 adduxit
579 651 687 728 inerti,

10 748 23 835 f'
33 740 254 823 Gemolritque
268 741 360 803 simul
371 742 456 806 foedae
468 745 605 828 contagio
619 745 693 806 labis
705 788 716 821 ,

10 832 198 921 4¹4·an
214 830 399 917 OEthiopum
411 837 592 899 ferventibus
602 840 697 901 excita
707 839 795 900 terris

10 922 144 1044 squ-utta
153 927 359 1004 morborum,
370 944 515 1013 corrupto
528 932 646 993 tramite
660 932 726 994 ooeli

17 1020 114 1087 alt·-
125 1034 275 1099 mount,
289 1022 421 1103 quisquis
433 1046 605 1105 percussum
618 1025 744 1087 fulmine
756 1026 829 1087 lethi

10 1112 199 1203 quemuit,
209 1115 304 1177 simul
314 1116 379 1198 ipse
393 1119 470 1193 ruit,
484 1119 652 1200 quicunque
663 1120 819 1181 cadentem

25 1208 198 1293 erupuit
210 1210 338 1286 cecidit,
350 1227 546 1295 congestaque
557 1212 662 1274 funera
675 1212 786 1293 passim

28 1302 187 1369 ¹Iiiralues
197 1303 318 1379 stravit,
330 1324 511 1386 camposque
525 1296 651 1386 reliquit'
662 1306 765 1365 inanes
779 1328 788 1365 ι

10 1390 13 1425 ³
31 1394 168 1463 'Sciunt
178 1397 332 1479 praecipiti
344 1398 516 1481 complexos
527 1399 609 1459 mole
622 1397 750 1473 suroris,

10 1486 12 1493 ¹
34 1488 85 1555 Re
95 1488 177 1553 nihii
186 1488 333 1552 intectum
345 1503 410 1553 toto
424 1492 587 1553 dimitteret
600 1490 691 1565 orbe,

10 1582 243 1683 3'Gunpreudit
252 1596 408 1665 repetens,
420 1606 495 1664 quos
506 1587 567 1667 jam
580 1584 733 1645 dimiserat
746 1604 842 1647 error.

39 1676 149 1743 Donet
160 1674 296 1741 chaldei
306 1679 440 1761 generis,
455 1681 492 1740 de
505 1679 620 1739 semiue
633 1674 751 1754 Thare,

10 1838 12 1857 Ι
41 1770 99 1835 Vir
104 1774 217 1857 joans,
230 1784 423 1851 metuensque
436 1771 516 1846 Dei,
530 1792 599 1835 cum
610 1771 702 1852 stirpe
715 1792 839 1832 suorum

10 1864 13 1873 ¹
40 1865 731 1944 Urbemaiiam,moresquenoros,sedemque
742 1866 914 1942 requirens,

43 1960 153 2025 Mansit
163 1961 197 2021 iu
210 1959 340 2042 Assyriis
351 1960 474 2019 demum
488 1979 582 2018 novus
594 1956 695 2018 accola
711 1954 843 2018 Carrhis.

47 2054 105 2137 Qui
116 2053 317 2135 quadragenis
328 2052 427 2112 lustris
440 2052 491 2111 ubi
505 2051 594 2124 vixit,
609 2065 638 2110 et
650 2071 730 2123 uno,

48 2144 205 2209 Infaustam
217 2146 294 2207 hauc
307 2145 398 2205 vitam
412 2144 492 2205 felici
505 2156 602 2203 morte
615 2143 752 2202 redemit.

52 2238 144 2317 fluit,
154 2238 275 2301 meritis
288 2252 421 2319 putrem,
435 2250 464 2298 et
476 2237 584 2298 sanctis
597 2236 752 2297 virtutibus
765 2257 883 2317 aequans

50 2332 103 2397 Aut
114 2334 206 2416 longe
219 2351 377 2413 superaus,
389 2332 526 2393 successit
539 2330 616 2389 filius
629 2330 761 2404 Abram,

50 2422 100 2489 Vir
111 2425 192 2491 eoelo
204 2425 329 2507 diguus,
342 2443 413 2484 nam
424 2423 527 2505 primo
538 2442 556 2482 a
570 2421 674 2482 limine
687 2424 770 2497 vitae,

47 2516 162 2581 Verum
175 2529 280 2579 ruente
292 2517 394 2579 Deum
407 2535 552 2578 venerans
562 2559 570 2588 ,
582 2515 702 2597 gentilia
715 2537 786 2576 vero

49 2612 208 2675 Amnius
221 2623 300 2684 erat,
314 2632 403 2690 quem
417 2623 573 2691 postquam
586 2622 681 2670 urorte
693 2609 823 2690 parentis

48 2704 135 2767 Jussa
146 2704 235 2783 sequi
246 2705 307 2784 jam
317 2724 403 2785 posse
415 2702 493 2776 Dei,
507 2704 572 2762 sine
584 2701 685 2762 sraude
698 2702 848 2782 liquebat,

47 2796 106 2861 His
116 2797 275 2859 Dominus
288 2796 432 2857 samnium
443 2797 557 2856 meritis
569 2797 700 2878 diguatus
708 2796 792 2856 adire
804 2808 865 2858 est:

86 2891 348 2972 Quandoquidem
362 2903 425 2950 loto
438 2904 467 2950 te
478 2889 574 2951 solum
590 2889 757 2948 invenimus
768 2890 842 2950 orbe

48 2985 156 3066 Quem
167 2984 285 3045 sincera
296 2984 368 3044 fides
383 2987 461 3065 juvat
474 2997 503 3044 et
515 2982 680 3044 reverentia
689 2983 782 3042 nostri
795 3007 803 3045 ε

52 3076 171 3159 Linque
183 3077 291 3160 procui
304 3079 387 3139 sedes
403 3078 529 3159 patrias,
544 3090 713 3157 terramque
724 3089 903 3152 nocentem,
