2018 3714
10 270 124 361 r587.
228 286 318 340 msc.
333 286 565 342 nvlucnucn
581 290 642 341 nn.
659 290 680 343 1.
831 304 885 370 ιρι

10 380 87 455 sit,
102 378 227 441 absente
240 376 513 461 Den‚.loquimur,
527 383 570 443 nil
583 386 682 446 abditu
696 384 826 449 clausum

10 471 152 535 Pectoris
164 484 251 533 antra
263 484 380 555 tegunt:
396 494 522 555 praesens
535 476 620 536 Deus
633 479 734 540 omnia
746 484 849 545 cernit.

10 566 69 628 ftis
82 565 174 649 igitur
185 578 290 627 sotum
303 566 420 647 placeat
428 568 607 631 concludere
619 573 717 634 verbis
730 596 738 634 ε

51 658 186 721 Sidereo
195 658 313 743 genitor
326 661 457 722 residens
466 663 497 725 in
510 664 621 726 vertice
631 665 717 741 curli,

10 752 179 829 Nominis,
191 772 327 829 oremus,
341 756 493 814 veneratio
507 758 706 819 sanctificetur

10 845 51 909 ln
63 845 172 921 nobis,
186 859 271 928 puter
282 846 358 923 alte,
371 846 432 906 tui:
445 849 662 931 tranquillaque
674 854 788 915 mundo

10 938 339 1021 Adveniat‚regnique
351 939 394 1000 tui
406 938 454 1000 lux
466 940 544 1001 alma
557 956 694 1023 patescat.

11 1028 90 1107 Sic,
103 1030 181 1093 ooelo
192 1042 244 1106 nt,
256 1032 345 1092 terris
356 1044 407 1092 tua
419 1033 469 1092 liat
481 1033 560 1095 clara
574 1035 727 1115 voluntas,

13 1122 190 1205 vitalisque
199 1124 290 1203 lrodie
302 1126 396 1187 sancti
408 1126 569 1186 substantia
583 1129 669 1208 panis

15 1216 186 1280 Proveniat
197 1218 299 1295 nobis,
312 1230 361 1279 tna
376 1239 445 1279 mur
456 1209 573 1301 largitio
585 1214 678 1281 sulvat

15 1310 185 1373 lunumera
197 1310 351 1393 indulgens
362 1312 474 1372 erroris
485 1312 585 1372 debita
596 1314 698 1393 previ3
765 1348 768 1353 ·

16 1402 61 1465 Et
69 1425 127 1467 nos
134 1404 215 1467 haud
224 1402 312 1467 aliter
321 1406 485 1468 concedere
497 1405 655 1467 leunculus
667 1418 720 1467 est.

14 1496 103 1561 Tetri
116 1518 194 1561 ωε
205 1498 312 1579 procul
322 1498 446 1558 tentatio
459 1499 601 1558 doemonis
613 1500 705 1574 absit,
740 1502 745 1511 '

18 1588 108 1671 Eque
119 1590 209 1673 malis
222 1605 272 1653 tue
284 1612 342 1653 nos
351 1592 384 1652 in
397 1592 495 1654 luceru
509 1594 626 1653 dextera
638 1593 731 1657 tollat.

23 1680 76 1747 Sic
85 1685 198 1747 etenim
208 1686 326 1768 genitor
338 1685 459 1767 populis
472 1686 579 1748 delicte
591 1689 740 1764 remittet,

23 1774 56 1837 Si
69 1788 169 1839 restra
178 1778 288 1839 alterni
300 1778 386 1841 vobis
398 1793 518 1859 peccata
529 1780 626 1841 velitis

24 1866 161 1942 Cedere,
172 1892 230 1933 nec
243 1873 350 1934 durum
363 1873 467 1933 erratis
478 1873 653 1953 impendere
665 1886 777 1954 pectus.

58 1962 142 2026 Sunt
155 1964 246 2025 etium
260 1977 394 2047 pergrata
407 1963 478 2025 Deo
491 1965 602 2046 jejunia
614 1965 722 2045 plebis.

21 2052 82 2119 Sed
97 2056 260 2139 propriam
272 2057 360 2117 multi
371 2058 478 2120 faciem
492 2058 602 2117 sedare
615 2057 769 2131 laborant,

17 2148 95 2233 Quo
109 2170 221 2213 vanam
232 2164 350 2231 captent
359 2150 518 2211 hominum
529 2151 640 2231 jejunia
652 2150 773 2211 samam.

12 2236 67 2306 Τά
76 2264 157 2307 vero
168 2256 202 2303 ct
212 2256 296 2327 gratu
308 2243 424 2305 crinem
435 2243 591 2304 nitefactus
602 2241 704 2317 olivo,

11 2330 191 2399 laetantem
203 2334 286 2417 puris
298 2336 336 2395 de
349 2335 481 2395 sontibus
494 2334 581 2395 ablue
592 2334 723 2395 vultum:

11 2424 66 2493 Ut
77 2430 165 2493 solus
176 2430 294 2513 genitor
305 2428 404 2489 devoti
418 2428 548 2509 pectoris
561 2441 664 2509 aptum
789 2424 794 2433 '

10 2520 192 2589 Servitium
203 2542 349 2597 cernens,
361 2522 496 2595 laudem,
511 2522 712 2603 meritumque
723 2526 876 2605 rependat.

56 2616 192 2679 Vanum
206 2628 250 2677 est
259 2614 383 2678 defossis
395 2626 474 2674 terra
487 2614 640 2697 invigilare
651 2614 790 2679 talentis:

10 2706 92 2775 lllic
103 2730 205 2794 aerugo
216 2752 227 2785 ‚
240 2721 270 2771 et
280 2708 369 2769 tinere
382 2706 574 2768 dominantur
586 2709 708 2782 edaces,

14 2804 205 2885 Cunctaque
217 2802 361 2883 diripiunt
373 2801 453 2862 fures
462 2813 560 2883 egesta
573 2800 703 2861 latebris.

18 2896 163 2961 Condite
173 2896 327 2959 theurus
338 2893 424 2955 rolris
432 2892 464 2954 in
477 2894 587 2955 vertice
600 2889 676 2953 coeli.

16 2988 104 3055 Non
116 3008 218 3074 aerugo
229 2988 314 3063 illos,
326 2988 469 3063 tineaeve,
484 2999 534 3046 aut
544 2983 666 3045 horrida
678 2982 778 3047 turum

24 3084 138 3149 Fectio
150 3082 283 3167 diripiet.
293 3078 392 3145 -Volris
403 3080 456 3145 ubi
466 3077 587 3145 condita
599 3094 648 3139 res
658 3088 718 3156 ert,
