<?xml version="1.0" encoding="UTF-8"?>
<!DOCTYPE html PUBLIC "-//W3C//DTD XHTML 1.0 Transitional//EN"
    "http://www.w3.org/TR/xhtml1/DTD/xhtml1-transitional.dtd">
<html xmlns="http://www.w3.org/1999/xhtml" xml:lang="en" lang="en">
 <head>
  <title>
</title>
<meta http-equiv="Content-Type" content="text/html;charset=utf-8" />
  <meta name='ocr-system' content='tesseract 3.04.00' />
  <meta name='ocr-capabilities' content='ocr_page ocr_carea ocr_par ocr_line ocrx_word'/>
</head>
<body>
  <div class='ocr_page' id='page_1' title='image "./qsflorentistert00tertgoog_0468.png"; bbox 0 0 2046 3712; ppageno 0'>
   <div class='ocr_carea' id='block_1_1' title="bbox 10 294 927 3086">
    <p class='ocr_par' dir='ltr' id='par_1_1' title="bbox 12 294 926 378">
     <span class='ocr_line' id='line_1_1' title="bbox 12 294 926 378; baseline -0.001 -17"><span class='ocrx_word' id='word_1_1' title='bbox 12 294 154 378; x_wconf 55' lang='lat'><strong>1637.</strong></span> <span class='ocrx_word' id='word_1_2' title='bbox 393 305 588 360; x_wconf 66' lang='lat' dir='ltr'><strong>orent.</strong></span> <span class='ocrx_word' id='word_1_3' title='bbox 863 300 926 373; x_wconf 68' lang='grc'><strong>’455</strong></span> 
     </span>
    </p>

    <p class='ocr_par' dir='ltr' id='par_1_2' title="bbox 12 396 874 1504">
     <span class='ocr_line' id='line_1_2' title="bbox 12 396 828 482; baseline 0.002 -21"><span class='ocrx_word' id='word_1_4' title='bbox 12 396 248 482; x_wconf 69' lang='lat' dir='ltr'><strong>Burdigalam,</strong></span> <span class='ocrx_word' id='word_1_5' title='bbox 262 407 293 457; x_wconf 85' lang='lat' dir='ltr'><strong>et</strong></span> <span class='ocrx_word' id='word_1_6' title='bbox 306 396 408 479; x_wconf 87' lang='lat' dir='ltr'><strong>piceos</strong></span> <span class='ocrx_word' id='word_1_7' title='bbox 422 398 509 459; x_wconf 85' lang='lat' dir='ltr'><strong>malis</strong></span> <span class='ocrx_word' id='word_1_8' title='bbox 522 397 695 461; x_wconf 83' lang='lat' dir='ltr'>describere</span> <span class='ocrx_word' id='word_1_9' title='bbox 708 397 828 467; x_wconf 81' lang='lat' dir='ltr'><strong>Boios?</strong></span> 
     </span>
     <span class='ocr_line' id='line_1_3' title="bbox 25 489 813 572; baseline -0.005 -15"><span class='ocrx_word' id='word_1_10' title='bbox 25 490 176 571; x_wconf 81' lang='lat' dir='ltr'>Cumque</span> <span class='ocrx_word' id='word_1_11' title='bbox 190 489 370 551; x_wconf 72' lang='lat' dir='ltr'><strong>Maroialicis</strong></span> <span class='ocrx_word' id='word_1_12' title='bbox 382 503 431 551; x_wconf 86' lang='lat' dir='ltr'><strong>tua</strong></span> <span class='ocrx_word' id='word_1_13' title='bbox 446 491 582 572; x_wconf 88' lang='lat' dir='ltr'><strong>prodigis</strong></span> <span class='ocrx_word' id='word_1_14' title='bbox 595 492 657 555; x_wconf 83' lang='lat' dir='ltr'><strong>otia</strong></span> <span class='ocrx_word' id='word_1_15' title='bbox 668 491 813 569; x_wconf 82' lang='lat' dir='ltr'><strong>thermis,</strong></span> 
     </span>
     <span class='ocr_line' id='line_1_4' title="bbox 29 584 848 669; baseline -0.001 -22"><span class='ocrx_word' id='word_1_16' title='bbox 29 584 120 649; x_wconf 83' lang='lat' dir='ltr'><strong>luter</strong></span> <span class='ocrx_word' id='word_1_17' title='bbox 135 599 165 646; x_wconf 90' lang='lat' dir='ltr'><strong>et</strong></span> <span class='ocrx_word' id='word_1_18' title='bbox 176 585 335 644; x_wconf 89' lang='lat' dir='ltr'><strong>umbrosos</strong></span> <span class='ocrx_word' id='word_1_19' title='bbox 349 586 441 645; x_wconf 88' lang='lat' dir='ltr'><strong>donas</strong></span> <span class='ocrx_word' id='word_1_20' title='bbox 453 586 509 645; x_wconf 85' lang='lat' dir='ltr'><strong>tibi</strong></span> <span class='ocrx_word' id='word_1_21' title='bbox 523 585 623 646; x_wconf 88' lang='lat' dir='ltr'><strong>vivere</strong></span> <span class='ocrx_word' id='word_1_22' title='bbox 636 585 739 669; x_wconf 77' lang='lat' dir='ltr'><strong>lucos,</strong></span> <span class='ocrx_word' id='word_1_23' title='bbox 844 646 848 653; x_wconf 89' lang='grc'>,</span> 
     </span>
     <span class='ocr_line' id='line_1_5' title="bbox 30 677 839 755; baseline -0.002 -14"><span class='ocrx_word' id='word_1_24' title='bbox 30 678 336 741; x_wconf 61' lang='lat' dir='ltr'><strong>uelocissimos</strong></span> <span class='ocrx_word' id='word_1_25' title='bbox 350 678 451 740; x_wconf 85' lang='lat' dir='ltr'><strong>colens</strong></span> <span class='ocrx_word' id='word_1_26' title='bbox 462 677 631 740; x_wconf 84' lang='lat' dir='ltr'><strong>habitacula</strong></span> <span class='ocrx_word' id='word_1_27' title='bbox 642 678 751 755; x_wconf 87' lang='lat' dir='ltr'><strong>tectis,</strong></span> <span class='ocrx_word' id='word_1_28' title='bbox 836 697 839 701; x_wconf 88' lang='lat'>·</span> 
     </span>
     <span class='ocr_line' id='line_1_6' title="bbox 32 769 765 854; baseline -0.001 -21"><span class='ocrx_word' id='word_1_29' title='bbox 32 770 241 854; x_wconf 81' lang='lat' dir='ltr'><strong>Nigrantesne</strong></span> <span class='ocrx_word' id='word_1_30' title='bbox 254 790 354 844; x_wconf 83' lang='lat' dir='ltr'><strong>casas,</strong></span> <span class='ocrx_word' id='word_1_31' title='bbox 369 784 398 830; x_wconf 89' lang='lat' dir='ltr'><strong>et</strong></span> <span class='ocrx_word' id='word_1_32' title='bbox 407 784 487 833; x_wconf 85' lang='lat' dir='ltr'><strong>tecta</strong></span> <span class='ocrx_word' id='word_1_33' title='bbox 501 769 630 851; x_wconf 79' lang='lat' dir='ltr'><strong>mapalia</strong></span> <span class='ocrx_word' id='word_1_34' title='bbox 644 770 765 847; x_wconf 84' lang='lat' dir='ltr'><strong>culmo,</strong></span> 
     </span>
     <span class='ocr_line' id='line_1_7' title="bbox 31 862 860 949; baseline -0.007 -24"><span class='ocrx_word' id='word_1_35' title='bbox 31 862 195 949; x_wconf 79' lang='lat' dir='ltr'><strong>Dignaque</strong></span> <span class='ocrx_word' id='word_1_36' title='bbox 209 863 323 945; x_wconf 81' lang='lat' dir='ltr'><strong>pellitis</strong></span> <span class='ocrx_word' id='word_1_37' title='bbox 337 864 452 925; x_wconf 74' lang='lat' dir='ltr'><strong>habitas</strong></span> <span class='ocrx_word' id='word_1_38' title='bbox 463 865 580 925; x_wconf 83' lang='lat' dir='ltr'><strong>deserta</strong></span> <span class='ocrx_word' id='word_1_39' title='bbox 593 863 753 946; x_wconf 81' lang='lat' dir='ltr'><strong>Bigerris?</strong></span> <span class='ocrx_word' id='word_1_40' title='bbox 794 928 797 933; x_wconf 67' lang='grc'>,</span> <span class='ocrx_word' id='word_1_41' title='bbox 856 910 860 919; x_wconf 96' lang='grc'><em>.</em></span> 
     </span>
     <span class='ocr_line' id='line_1_8' title="bbox 37 952 839 1038; baseline 0.002 -21"><span class='ocrx_word' id='word_1_42' title='bbox 37 952 161 1037; x_wconf 81' lang='lat' dir='ltr'><strong>Quique</strong></span> <span class='ocrx_word' id='word_1_43' title='bbox 174 957 304 1038; x_wconf 83' lang='lat' dir='ltr'><strong>superba</strong></span> <span class='ocrx_word' id='word_1_44' title='bbox 318 970 376 1017; x_wconf 87' lang='lat' dir='ltr'><strong>tuae</strong></span> <span class='ocrx_word' id='word_1_45' title='bbox 390 956 560 1019; x_wconf 77' lang='lat' dir='ltr'><strong>contemnis</strong></span> <span class='ocrx_word' id='word_1_46' title='bbox 574 957 686 1027; x_wconf 80' lang='lat' dir='ltr'><strong>moeuia</strong></span> <span class='ocrx_word' id='word_1_47' title='bbox 698 955 839 1035; x_wconf 69' lang='lat' dir='ltr'><strong>Romae‚‘¹</strong></span> 
     </span>
     <span class='ocr_line' id='line_1_9' title="bbox 39 1046 858 1130; baseline -0.01 -15"><span class='ocrx_word' id='word_1_48' title='bbox 39 1050 155 1119; x_wconf 76' lang='lat' dir='ltr'><strong>Consul</strong></span> <span class='ocrx_word' id='word_1_49' title='bbox 169 1069 308 1115; x_wconf 84' lang='lat' dir='ltr'><strong>arenosas</strong></span> <span class='ocrx_word' id='word_1_50' title='bbox 322 1070 384 1109; x_wconf 89' lang='lat' dir='ltr'><strong>non</strong></span> <span class='ocrx_word' id='word_1_51' title='bbox 396 1050 559 1130; x_wconf 73' lang='lat' dir='ltr'><strong>dedignare</strong></span> <span class='ocrx_word' id='word_1_52' title='bbox 572 1046 707 1109; x_wconf 68' lang='lat' dir='ltr'><strong>Vasatess</strong></span> <span class='ocrx_word' id='word_1_53' title='bbox 812 1096 816 1103; x_wconf 96' lang='lat'><em>.</em></span> <span class='ocrx_word' id='word_1_54' title='bbox 855 1068 858 1075; x_wconf 95' lang='lat'><em>·</em></span> 
     </span>
     <span class='ocr_line' id='line_1_10' title="bbox 41 1139 824 1222; baseline 0 -20"><span class='ocrx_word' id='word_1_55' title='bbox 41 1140 114 1219; x_wconf 81' lang='lat' dir='ltr'><strong>vet,</strong></span> <span class='ocrx_word' id='word_1_56' title='bbox 129 1143 199 1222; x_wconf 89' lang='lat' dir='ltr'><strong>quia</strong></span> <span class='ocrx_word' id='word_1_57' title='bbox 211 1139 377 1203; x_wconf 80' lang='lat' dir='ltr'><strong>Pictonicis</strong></span> <span class='ocrx_word' id='word_1_58' title='bbox 390 1141 447 1201; x_wconf 90' lang='lat' dir='ltr'><strong>tibi</strong></span> <span class='ocrx_word' id='word_1_59' title='bbox 461 1140 560 1201; x_wconf 82' lang='lat' dir='ltr'><strong>fertile</strong></span> <span class='ocrx_word' id='word_1_60' title='bbox 573 1160 624 1201; x_wconf 89' lang='lat' dir='ltr'><strong>rus</strong></span> <span class='ocrx_word' id='word_1_61' title='bbox 641 1141 718 1203; x_wconf 87' lang='lat' dir='ltr'><strong>viret</strong></span> <span class='ocrx_word' id='word_1_62' title='bbox 729 1142 824 1217; x_wconf 82' lang='lat' dir='ltr'><strong>arvis,</strong></span> 
     </span>
     <span class='ocr_line' id='line_1_11' title="bbox 39 1233 820 1299; baseline -0.005 0"><span class='ocrx_word' id='word_1_63' title='bbox 39 1234 214 1299; x_wconf 82' lang='lat' dir='ltr'><strong>Romanum</strong></span> <span class='ocrx_word' id='word_1_64' title='bbox 226 1233 376 1295; x_wconf 75' lang='lat' dir='ltr'><strong>Ausonias</strong></span> <span class='ocrx_word' id='word_1_65' title='bbox 388 1233 447 1295; x_wconf 91' lang='lat' dir='ltr'><strong>huc</strong></span> <span class='ocrx_word' id='word_1_66' title='bbox 460 1233 610 1295; x_wconf 85' lang='lat' dir='ltr'><strong>devexisse</strong></span> <span class='ocrx_word' id='word_1_67' title='bbox 624 1234 743 1296; x_wconf 85' lang='lat' dir='ltr'><strong>curules</strong></span> <span class='ocrx_word' id='word_1_68' title='bbox 817 1254 820 1259; x_wconf 90' lang='lat'>·</span> 
     </span>
     <span class='ocr_line' id='line_1_12' title="bbox 40 1316 874 1410; baseline -0.007 -17"><span class='ocrx_word' id='word_1_69' title='bbox 40 1328 220 1410; x_wconf 81' lang='lat' dir='ltr'><strong>Conquerar</strong></span> <span class='ocrx_word' id='word_1_70' title='bbox 230 1328 406 1395; x_wconf 79' lang='lat' dir='ltr'><strong>ottrabeam</strong></span> <span class='ocrx_word' id='word_1_71' title='bbox 416 1316 511 1389; x_wconf 83' lang='lat' dir='ltr'><strong>veteri</strong></span> <span class='ocrx_word' id='word_1_72' title='bbox 524 1328 697 1407; x_wconf 88' lang='lat' dir='ltr'><strong>sordescere</strong></span> <span class='ocrx_word' id='word_1_73' title='bbox 711 1328 804 1389; x_wconf 73' lang='lat' dir='ltr'><strong>sanor</strong></span> <span class='ocrx_word' id='word_1_74' title='bbox 871 1322 874 1326; x_wconf 62' lang='grc'>’</span> 
     </span>
     <span class='ocr_line' id='line_1_13' title="bbox 38 1417 783 1504; baseline -0.004 -21"><span class='ocrx_word' id='word_1_75' title='bbox 38 1420 118 1503; x_wconf 78' lang='lat' dir='ltr'><strong>Qum</strong></span> <span class='ocrx_word' id='word_1_76' title='bbox 139 1435 240 1482; x_wconf 87' lang='lat' dir='ltr'><strong>tamen</strong></span> <span class='ocrx_word' id='word_1_77' title='bbox 251 1434 371 1504; x_wconf 85' lang='lat' dir='ltr'><strong>augusta</strong></span> <span class='ocrx_word' id='word_1_78' title='bbox 383 1418 510 1480; x_wconf 83' lang='lat' dir='ltr'><strong>Latiaris</strong></span> <span class='ocrx_word' id='word_1_79' title='bbox 522 1420 555 1479; x_wconf 93' lang='lat' dir='ltr'><strong>in</strong></span> <span class='ocrx_word' id='word_1_80' title='bbox 568 1419 643 1480; x_wconf 90' lang='lat' dir='ltr'><strong>urbe</strong></span> <span class='ocrx_word' id='word_1_81' title='bbox 656 1417 783 1500; x_wconf 86' lang='lat' dir='ltr'><strong>Quirini</strong></span> 
     </span>
    </p>

    <p class='ocr_par' dir='ltr' id='par_1_3' title="bbox 11 1512 646 1599">
     <span class='ocr_line' id='line_1_14' title="bbox 11 1512 646 1599; baseline -0.009 -20"><span class='ocrx_word' id='word_1_82' title='bbox 11 1594 14 1599; x_wconf 27' lang='grc' dir='ltr'>Ι</span> <span class='ocrx_word' id='word_1_83' title='bbox 38 1512 193 1578; x_wconf 61' lang='lat' dir='ltr'><strong>caueae</strong></span> <span class='ocrx_word' id='word_1_84' title='bbox 205 1516 283 1585; x_wconf 80' lang='lat' dir='ltr'><strong>inter</strong></span> <span class='ocrx_word' id='word_1_85' title='bbox 293 1513 385 1594; x_wconf 88' lang='lat' dir='ltr'><strong>parili</strong></span> <span class='ocrx_word' id='word_1_86' title='bbox 398 1513 485 1573; x_wconf 85' lang='lat' dir='ltr'><strong>titulo</strong></span> <span class='ocrx_word' id='word_1_87' title='bbox 501 1512 646 1594; x_wconf 82' lang='lat' dir='ltr'><strong>palmatas</strong></span> 
     </span>
    </p>

    <p class='ocr_par' dir='ltr' id='par_1_4' title="bbox 10 1604 664 1691">
     <span class='ocr_line' id='line_1_15' title="bbox 10 1604 664 1691; baseline -0.002 -24"><span class='ocrx_word' id='word_1_88' title='bbox 10 1662 14 1667; x_wconf 93' lang='lat'>.</span> <span class='ocrx_word' id='word_1_89' title='bbox 34 1604 148 1691; x_wconf 78' lang='lat' dir='ltr'><strong>Fulget</strong></span> <span class='ocrx_word' id='word_1_90' title='bbox 160 1608 261 1679; x_wconf 78' lang='lat' dir='ltr'><strong>nativo</strong></span> <span class='ocrx_word' id='word_1_91' title='bbox 274 1607 363 1689; x_wconf 80' lang='lat' dir='ltr'><strong>longe</strong></span> <span class='ocrx_word' id='word_1_92' title='bbox 375 1605 556 1669; x_wconf 74' lang='lat' dir='ltr'><strong>venerabilis</strong></span> <span class='ocrx_word' id='word_1_93' title='bbox 568 1625 664 1682; x_wconf 82' lang='lat' dir='ltr'><strong>auro,</strong></span> 
     </span>
    </p>

    <p class='ocr_par' dir='ltr' id='par_1_5' title="bbox 32 1696 776 1765">
     <span class='ocr_line' id='line_1_16' title="bbox 32 1696 776 1765; baseline -0.001 -3"><span class='ocrx_word' id='word_1_94' title='bbox 32 1696 219 1765; x_wconf 78' lang='lat' dir='ltr'><strong>Florentem</strong></span> <span class='ocrx_word' id='word_1_95' title='bbox 234 1701 367 1762; x_wconf 87' lang='lat' dir='ltr'><strong>retinens</strong></span> <span class='ocrx_word' id='word_1_96' title='bbox 380 1699 480 1762; x_wconf 90' lang='lat' dir='ltr'><strong>meriti</strong></span> <span class='ocrx_word' id='word_1_97' title='bbox 495 1698 605 1760; x_wconf 78' lang='lat' dir='ltr'><strong>vivacis</strong></span> <span class='ocrx_word' id='word_1_98' title='bbox 617 1699 776 1761; x_wconf 88' lang='lat' dir='ltr'><strong>honorem.</strong></span> 
     </span>
    </p>

    <p class='ocr_par' dir='ltr' id='par_1_6' title="bbox 26 1792 829 2158">
     <span class='ocr_line' id='line_1_17' title="bbox 30 1792 829 1876; baseline 0 -21"><span class='ocrx_word' id='word_1_99' title='bbox 30 1794 101 1856; x_wconf 79' lang='lat' dir='ltr'><strong>Aut</strong></span> <span class='ocrx_word' id='word_1_100' title='bbox 113 1815 183 1857; x_wconf 90' lang='lat' dir='ltr'><strong>cum</strong></span> <span class='ocrx_word' id='word_1_101' title='bbox 197 1793 312 1876; x_wconf 79' lang='lat' dir='ltr'><strong>Lucani</strong></span> <span class='ocrx_word' id='word_1_102' title='bbox 325 1793 465 1856; x_wconf 82' lang='lat' dir='ltr'><strong>retineris</strong></span> <span class='ocrx_word' id='word_1_103' title='bbox 476 1792 610 1862; x_wconf 87' lang='lat' dir='ltr'><strong>culmine</strong></span> <span class='ocrx_word' id='word_1_104' title='bbox 622 1794 726 1872; x_wconf 80' lang='lat' dir='ltr'><strong>fundi,</strong></span> <span class='ocrx_word' id='word_1_105' title='bbox 826 1813 829 1819; x_wconf 90' lang='lat'>·</span> 
     </span>
     <span class='ocr_line' id='line_1_18' title="bbox 26 1886 733 1969; baseline -0.004 -17"><span class='ocrx_word' id='word_1_106' title='bbox 26 1890 171 1952; x_wconf 76' lang='lat' dir='ltr'><strong>AEmula</strong></span> <span class='ocrx_word' id='word_1_107' title='bbox 183 1888 343 1951; x_wconf 85' lang='lat' dir='ltr'><strong>Romuleis</strong></span> <span class='ocrx_word' id='word_1_108' title='bbox 353 1888 490 1950; x_wconf 86' lang='lat' dir='ltr'><strong>habitans</strong></span> <span class='ocrx_word' id='word_1_109' title='bbox 501 1886 616 1969; x_wconf 81' lang='lat' dir='ltr'><strong>fastigia</strong></span> <span class='ocrx_word' id='word_1_110' title='bbox 629 1889 733 1964; x_wconf 80' lang='lat' dir='ltr'><strong>tectis,</strong></span> 
     </span>
     <span class='ocr_line' id='line_1_19' title="bbox 33 1979 818 2084; baseline -0.009 -35"><span class='ocrx_word' id='word_1_111' title='bbox 33 1984 202 2049; x_wconf 74' lang='lat' dir='ltr'><strong>Materiam</strong></span> <span class='ocrx_word' id='word_1_112' title='bbox 216 1985 369 2084; x_wconf 86' lang='lat' dir='ltr'><strong>praebente</strong></span> <span class='ocrx_word' id='word_1_113' title='bbox 381 1982 470 2057; x_wconf 87' lang='lat' dir='ltr'><strong>loco,</strong></span> <span class='ocrx_word' id='word_1_114' title='bbox 484 1979 537 2062; x_wconf 88' lang='lat' dir='ltr'><strong>qui</strong></span> <span class='ocrx_word' id='word_1_115' title='bbox 548 1979 686 2060; x_wconf 84' lang='lat' dir='ltr'><strong>proxima</strong></span> <span class='ocrx_word' id='word_1_116' title='bbox 700 1982 818 2065; x_wconf 81' lang='lat' dir='ltr'><strong>signat‚·</strong></span> 
     </span>
     <span class='ocr_line' id='line_1_20' title="bbox 32 2073 611 2158; baseline -0.012 -17"><span class='ocrx_word' id='word_1_117' title='bbox 32 2076 77 2141; x_wconf 89' lang='lat' dir='ltr'><strong>In</strong></span> <span class='ocrx_word' id='word_1_118' title='bbox 94 2075 267 2141; x_wconf 82' lang='lat' dir='ltr'><strong>Condatino</strong></span> <span class='ocrx_word' id='word_1_119' title='bbox 280 2077 389 2139; x_wconf 85' lang='lat' dir='ltr'><strong>diceris</strong></span> <span class='ocrx_word' id='word_1_120' title='bbox 403 2077 509 2158; x_wconf 81' lang='lat' dir='ltr'><strong>degere</strong></span> <span class='ocrx_word' id='word_1_121' title='bbox 521 2073 611 2135; x_wconf 82' lang='lat' dir='ltr'><strong>rico?</strong></span> 
     </span>
    </p>

    <p class='ocr_par' dir='ltr' id='par_1_7' title="bbox 36 2165 927 2802">
     <span class='ocr_line' id='line_1_21' title="bbox 36 2165 842 2253; baseline -0.006 -19"><span class='ocrx_word' id='word_1_122' title='bbox 36 2171 143 2234; x_wconf 77' lang='lat' dir='ltr'><strong>Multa</strong></span> <span class='ocrx_word' id='word_1_123' title='bbox 154 2171 228 2253; x_wconf 83' lang='lat' dir='ltr'><strong>jocis</strong></span> <span class='ocrx_word' id='word_1_124' title='bbox 239 2182 360 2251; x_wconf 86' lang='lat' dir='ltr'><strong>pateant</strong></span> <span class='ocrx_word' id='word_1_125' title='bbox 372 2192 381 2229; x_wconf 74' lang='grc' dir='ltr'>ι</span> <span class='ocrx_word' id='word_1_126' title='bbox 393 2167 483 2230; x_wconf 86' lang='lat' dir='ltr'><strong>liceat</strong></span> <span class='ocrx_word' id='word_1_127' title='bbox 495 2186 615 2247; x_wconf 89' lang='lat' dir='ltr'><strong>quoque</strong></span> <span class='ocrx_word' id='word_1_128' title='bbox 627 2165 732 2228; x_wconf 90' lang='lat' dir='ltr'><strong>ludere</strong></span> <span class='ocrx_word' id='word_1_129' title='bbox 745 2167 842 2229; x_wconf 84' lang='lat' dir='ltr'><strong>fictis:</strong></span> 
     </span>
     <span class='ocr_line' id='line_1_22' title="bbox 40 2259 851 2347; baseline -0.004 -21"><span class='ocrx_word' id='word_1_130' title='bbox 40 2263 107 2326; x_wconf 89' lang='lat' dir='ltr'><strong>Sed</strong></span> <span class='ocrx_word' id='word_1_131' title='bbox 119 2263 219 2347; x_wconf 88' lang='lat' dir='ltr'><strong>lingua</strong></span> <span class='ocrx_word' id='word_1_132' title='bbox 231 2263 381 2325; x_wconf 87' lang='lat' dir='ltr'><strong>mulcente</strong></span> <span class='ocrx_word' id='word_1_133' title='bbox 388 2281 509 2345; x_wconf 76' lang='lat' dir='ltr'><strong>gravem</strong></span> <span class='ocrx_word' id='word_1_134' title='bbox 521 2259 696 2321; x_wconf 88' lang='lat' dir='ltr'><strong>interlidere</strong></span> <span class='ocrx_word' id='word_1_135' title='bbox 708 2262 851 2339; x_wconf 87' lang='lat' dir='ltr'><strong>dentem,</strong></span> 
     </span>
     <span class='ocr_line' id='line_1_23' title="bbox 40 2352 767 2429; baseline -0.004 -10"><span class='ocrx_word' id='word_1_136' title='bbox 40 2357 164 2427; x_wconf 84' lang='lat' dir='ltr'><strong>Ludere</strong></span> <span class='ocrx_word' id='word_1_137' title='bbox 176 2357 329 2418; x_wconf 81' lang='lat' dir='ltr'><strong>blanditiis</strong></span> <span class='ocrx_word' id='word_1_138' title='bbox 341 2355 514 2429; x_wconf 83' lang='lat' dir='ltr'><strong>urentibus,</strong></span> <span class='ocrx_word' id='word_1_139' title='bbox 531 2366 561 2421; x_wconf 81' lang='lat' dir='ltr'><strong>et</strong></span> <span class='ocrx_word' id='word_1_140' title='bbox 574 2352 767 2417; x_wconf 80' lang='lat' dir='ltr'><strong>maledulces</strong></span> 
     </span>
     <span class='ocr_line' id='line_1_24' title="bbox 40 2446 853 2532; baseline -0.01 -17"><span class='ocrx_word' id='word_1_141' title='bbox 40 2446 619 2532; x_wconf 73' lang='lat' dir='ltr'><strong>Fermentarejocossatyrsemordacis</strong></span> <span class='ocrx_word' id='word_1_142' title='bbox 628 2458 732 2523; x_wconf 79' lang='lat' dir='ltr'><strong>aceto,</strong></span> <span class='ocrx_word' id='word_1_143' title='bbox 849 2472 853 2477; x_wconf 95' lang='lat'>·</span> 
     </span>
     <span class='ocr_line' id='line_1_25' title="bbox 44 2542 850 2627; baseline -0.005 -21"><span class='ocrx_word' id='word_1_144' title='bbox 44 2543 135 2625; x_wconf 80' lang='lat' dir='ltr'><strong>Saepe</strong></span> <span class='ocrx_word' id='word_1_145' title='bbox 146 2556 324 2627; x_wconf 68' lang='lat' dir='ltr'><strong>poetarum,</strong></span> <span class='ocrx_word' id='word_1_146' title='bbox 339 2560 493 2621; x_wconf 86' lang='lat' dir='ltr'><strong>nunquam</strong></span> <span class='ocrx_word' id='word_1_147' title='bbox 504 2542 591 2603; x_wconf 91' lang='lat' dir='ltr'><strong>decet</strong></span> <span class='ocrx_word' id='word_1_148' title='bbox 602 2560 665 2602; x_wconf 90' lang='lat' dir='ltr'><strong>esse</strong></span> <span class='ocrx_word' id='word_1_149' title='bbox 681 2553 850 2622; x_wconf 82' lang='lat' dir='ltr'><strong>parentum.</strong></span> 
     </span>
     <span class='ocr_line' id='line_1_26' title="bbox 40 2635 927 2716; baseline -0.005 -16"><span class='ocrx_word' id='word_1_150' title='bbox 40 2636 188 2715; x_wconf 84' lang='lat' dir='ltr'><strong>Namque</strong></span> <span class='ocrx_word' id='word_1_151' title='bbox 195 2636 432 2716; x_wconf 75' lang='lat' dir='ltr'><strong>lidespietasque</strong></span> <span class='ocrx_word' id='word_1_152' title='bbox 438 2647 565 2715; x_wconf 84' lang='lat' dir='ltr'><strong>petunt,</strong></span> <span class='ocrx_word' id='word_1_153' title='bbox 578 2647 610 2693; x_wconf 91' lang='lat' dir='ltr'><strong>ut</strong></span> <span class='ocrx_word' id='word_1_154' title='bbox 618 2635 701 2713; x_wconf 81' lang='lat' dir='ltr'><strong>quod</strong></span> <span class='ocrx_word' id='word_1_155' title='bbox 714 2635 794 2695; x_wconf 85' lang='lat' dir='ltr'><strong>mala</strong></span> <span class='ocrx_word' id='word_1_156' title='bbox 803 2647 927 2698; x_wconf 81' lang='lat' dir='ltr'><strong>nectens</strong></span> 
     </span>
     <span class='ocr_line' id='line_1_27' title="bbox 41 2727 766 2802; baseline -0.006 -11"><span class='ocrx_word' id='word_1_157' title='bbox 41 2728 181 2791; x_wconf 75' lang='lat' dir='ltr'><strong>insinuat</strong></span> <span class='ocrx_word' id='word_1_158' title='bbox 193 2729 279 2790; x_wconf 89' lang='lat' dir='ltr'><strong>castis</strong></span> <span class='ocrx_word' id='word_1_159' title='bbox 291 2729 371 2799; x_wconf 60' lang='lat' dir='ltr'><strong>hura</strong></span> <span class='ocrx_word' id='word_1_160' title='bbox 383 2727 525 2802; x_wconf 84' lang='lat' dir='ltr'><strong>auribus,</strong></span> <span class='ocrx_word' id='word_1_161' title='bbox 539 2727 598 2788; x_wconf 83' lang='lat' dir='ltr'><strong>lroc</strong></span> <span class='ocrx_word' id='word_1_162' title='bbox 608 2728 690 2789; x_wconf 81' lang='lat' dir='ltr'><strong>hona</strong></span> <span class='ocrx_word' id='word_1_163' title='bbox 701 2729 766 2788; x_wconf 88' lang='lat' dir='ltr'><strong>noti</strong></span> 
     </span>
    </p>

    <p class='ocr_par' dir='ltr' id='par_1_8' title="bbox 43 2819 841 3086">
     <span class='ocr_line' id='line_1_28' title="bbox 43 2819 790 2903; baseline -0.005 -19"><span class='ocrx_word' id='word_1_164' title='bbox 43 2821 139 2884; x_wconf 82' lang='lat' dir='ltr'><strong>Mens</strong></span> <span class='ocrx_word' id='word_1_165' title='bbox 148 2819 242 2902; x_wconf 86' lang='lat' dir='ltr'><strong>patris</strong></span> <span class='ocrx_word' id='word_1_166' title='bbox 253 2820 351 2903; x_wconf 84' lang='lat' dir='ltr'><strong>affigi,</strong></span> <span class='ocrx_word' id='word_1_167' title='bbox 366 2820 515 2898; x_wconf 83' lang='lat' dir='ltr'><strong>fixumque</strong></span> <span class='ocrx_word' id='word_1_168' title='bbox 528 2820 690 2882; x_wconf 87' lang='lat' dir='ltr'><strong>haerescere</strong></span> <span class='ocrx_word' id='word_1_169' title='bbox 703 2820 790 2884; x_wconf 92' lang='lat' dir='ltr'><strong>cordi</strong></span> 
     </span>
     <span class='ocr_line' id='line_1_29' title="bbox 44 2912 802 2998; baseline -0.003 -21"><span class='ocrx_word' id='word_1_170' title='bbox 44 2912 123 2977; x_wconf 83' lang='lat' dir='ltr'><strong>Non</strong></span> <span class='ocrx_word' id='word_1_171' title='bbox 137 2915 234 2990; x_wconf 65' lang='lat' dir='ltr'><strong>sinat⁴</strong></span> <span class='ocrx_word' id='word_1_172' title='bbox 243 2926 280 2987; x_wconf 61' lang='lat' dir='ltr'><strong>,ut</strong></span> <span class='ocrx_word' id='word_1_173' title='bbox 289 2913 392 2996; x_wconf 83' lang='lat' dir='ltr'><strong>vulgus</strong></span> <span class='ocrx_word' id='word_1_174' title='bbox 403 2932 481 2974; x_wconf 65' lang='lat' dir='ltr'><strong>suero</strong></span> <span class='ocrx_word' id='word_1_175' title='bbox 493 2932 616 2973; x_wconf 89' lang='lat' dir='ltr'><strong>rumore</strong></span> <span class='ocrx_word' id='word_1_176' title='bbox 629 2914 802 2998; x_wconf 87' lang='lat' dir='ltr'><strong>malignum.</strong></span> 
     </span>
     <span class='ocr_line' id='line_1_30' title="bbox 47 3004 841 3086; baseline -0.005 -16"><span class='ocrx_word' id='word_1_177' title='bbox 47 3007 133 3070; x_wconf 80' lang='lat' dir='ltr'><strong>Ante</strong></span> <span class='ocrx_word' id='word_1_178' title='bbox 145 3006 265 3079; x_wconf 82' lang='lat' dir='ltr'><strong>habitos</strong></span> <span class='ocrx_word' id='word_1_179' title='bbox 276 3026 397 3082; x_wconf 83' lang='lat' dir='ltr'><strong>mores,</strong></span> <span class='ocrx_word' id='word_1_180' title='bbox 411 3026 474 3067; x_wconf 89' lang='lat' dir='ltr'><strong>non</strong></span> <span class='ocrx_word' id='word_1_181' title='bbox 485 3024 606 3086; x_wconf 84' lang='lat' dir='ltr'><strong>semper</strong></span> <span class='ocrx_word' id='word_1_182' title='bbox 617 3004 736 3069; x_wconf 76' lang='lat' dir='ltr'><strong>flectere</strong></span> <span class='ocrx_word' id='word_1_183' title='bbox 748 3007 841 3071; x_wconf 81' lang='lat' dir='ltr'><strong>vitam</strong></span> 
     </span>
    </p>
   </div>
   <div class='ocr_carea' id='block_1_2' title="bbox 47 3097 937 3184">
    <p class='ocr_par' dir='ltr' id='par_1_9' title="bbox 47 3097 937 3184">
     <span class='ocr_line' id='line_1_31' title="bbox 47 3097 937 3184; baseline -0.002 -21"><span class='ocrx_word' id='word_1_184' title='bbox 47 3098 183 3173; x_wconf 83' lang='lat' dir='ltr'><strong>Crimen</strong></span> <span class='ocrx_word' id='word_1_185' title='bbox 189 3100 290 3175; x_wconf 60' lang='lat' dir='ltr'><strong>huben</strong></span> <span class='ocrx_word' id='word_1_186' title='bbox 299 3119 429 3184; x_wconf 79' lang='lat' dir='ltr'><strong>namque</strong></span> <span class='ocrx_word' id='word_1_187' title='bbox 436 3111 480 3171; x_wconf 85' lang='lat' dir='ltr'><strong>est</strong></span> <span class='ocrx_word' id='word_1_188' title='bbox 487 3097 651 3163; x_wconf 77' lang='lat' dir='ltr'><strong>leudibeue</strong></span> <span class='ocrx_word' id='word_1_189' title='bbox 659 3114 774 3163; x_wconf 86' lang='lat' dir='ltr'><strong>vertere</strong></span> <span class='ocrx_word' id='word_1_190' title='bbox 789 3122 797 3160; x_wconf 73' lang='grc' dir='ltr'>ι</span> <span class='ocrx_word' id='word_1_191' title='bbox 810 3120 937 3161; x_wconf 85' lang='lat' dir='ltr'><strong>comme</strong></span> 
     </span>
    </p>
   </div>
   <div class='ocr_carea' id='block_1_3' title="bbox 0 0 1037 3712">
    <p class='ocr_par' dir='ltr' id='par_1_10' title="bbox 0 0 1037 3712">
     <span class='ocr_line' id='line_1_32' title="bbox 0 0 1037 3712; baseline 0 0"><span class='ocrx_word' id='word_1_192' title='bbox 0 0 1037 3712; x_wconf 95' lang='lat' dir='ltr'><strong> </strong></span> 
     </span>
    </p>
   </div>
  </div>
 </body>
</html>
