2018 3714
130 347 188 429 392
428 350 455 402 s.
486 345 716 399 uanasr
911 339 973 423 ppt

170 446 345 515 lustruitur3
362 452 526 524 properant
536 440 569 498 iu
582 451 631 499 tua
644 440 758 501 damna
770 441 868 507 duces
1001 446 1003 455 '

128 541 229 620 impia
242 536 434 598 Hierusalem
445 532 536 594 simul
545 531 703 593 uhsidioue
715 535 847 610 teneris,

169 632 248 691 Dira
259 630 352 689 fames
362 639 447 687 natus
458 638 487 685 te
499 624 570 697 lacit
582 644 645 685 esse
656 636 734 685 tuns.

128 722 171 784 vi
184 722 270 782 Titus
281 718 420 798 irrumpit
431 728 551 797 portas,
562 716 731 777 ruit-hostis
743 719 776 779 in
788 737 906 792 arcem

170 814 268 895 Capta
276 812 387 895 gemis,
400 828 629 889 murncnrpora
640 828 716 870 caesa
728 811 856 873 eadunt:

128 906 229 987 Impia
245 902 588 966 Hierusalem-naturum
600 901 744 982 sanguiue
756 902 864 966 lauces

169 996 263 1058 Pasce
273 1009 356 1069 tuas,
368 994 467 1055 lauces
479 993 620 1076 sangnine
631 1012 722 1074 pasce
732 1005 810 1055 tuas.
871 1050 874 1057 ,

129 1090 201 1152 Hoc
213 1089 348 1150 cecinere
360 1086 405 1166 pii
419 1084 528 1160 Vates,
544 1085 680 1148 cecinere
695 1082 840 1169 Sibylla,

89 1176 93 1180 ’
170 1180 241 1242 Hoc
255 1179 363 1241 cecinit.
372 1195 463 1256 quern
472 1191 504 1239 tu
516 1178 580 1259 figis
590 1178 693 1256 iniqua
704 1179 799 1242 cruci.
952 1244 955 1249 ,

126 1274 227 1353 impia
240 1269 430 1332 Hierusalem
443 1270 493 1332 dic
502 1290 583 1331 nunc
593 1270 920 1350 enimenta-,auum

168 1364 209 1424 Et
220 1366 345 1439 domus,
359 1375 389 1422 et
401 1361 467 1422 latis
478 1362 552 1424 festa
564 1361 770 1425 theatraviis?
822 1365 825 1370 '
853 1382 856 1386 ·

128 1458 190 1519 Dic
201 1457 253 1516 ubi
265 1468 332 1516 sunt
343 1456 404 1517 cari
416 1455 519 1535 pueri,
534 1454 692 1532 dulcesque
703 1454 841 1533 puellae,¹

167 1547 227 1608 Vir
238 1568 345 1622 nurus,
358 1560 390 1607 et
402 1546 482 1608 docti
495 1546 577 1608 curia
591 1546 681 1607 densa
691 1546 819 1627 petreii,

128 1640 231 1703 Pulvis
243 1653 274 1701 et
285 1641 391 1701 umbra
402 1641 518 1721 jaceut;
533 1639 592 1701 late
602 1640 717 1720 captiva
729 1661 786 1722 per
800 1641 916 1712 urbem
973 1664 976 1669 ·

167 1731 315 1807 Duceris,
329 1745 361 1793 ut
372 1744 471 1812 pateat
481 1733 596 1793 crimen
610 1732 818 1812 ubiquetuum
828 1757 847 1796 :-

125 1824 226 1905 lrnpia
242 1824 542 1906 Hierusalemlungas
555 1826 607 1887 das
618 1824 850 1905 impia-paenas,

169 1917 267 1998 Impia
281 1930 383 1994 terque
397 1929 557 1995 quaterque
568 1918 664 1996 impia
677 1916 892 1980 Hierusalem„

126 2010 158 2072 N
162 2033 219 2071 unc
230 2031 281 2090 age
296 2006 505 2082 Hierusalem,
520 2009 590 2068 satis
600 2028 620 2068 ο
633 2009 700 2069 satis
714 2010 810 2090 impia
823 2011 904 2073 coelo-

168 2103 297 2172 Ecrasti3
313 2103 350 2160 ad
362 2100 533 2160 Dominum
545 2114 658 2161 vertere
672 2101 873 2164 Hierusalem.

125 2195 199 2255 Non
211 2196 318 2276 lugiet,
333 2195 404 2252 fixos
417 2213 473 2272 pro
486 2206 514 2252 te
528 2213 590 2253 non
603 2195 750 2274 conspicis
761 2198 860 2255 artus?

167 2285 215 2344 En
230 2299 331 2346 vncat:
346 2288 382 2343 ad
396 2284 565 2344 Dominum
582 2299 697 2346 vertere
712 2287 919 2360 Hierusalem

125 2377 251 2436 Vertere
268 2377 475 2450 Hierusalem,
490 2378 617 2436 lentatur
629 2380 666 2437 ad
678 2380 778 2440 oscula
789 2381 904 2455 cervix,

163 2469 213 2529 Aa
225 2470 380 2529 dominum
393 2491 511 2531 mecum
525 2483 640 2530 vertere
655 2469 858 2533 Hierusalem.

315 2619 369 2668 DE
393 2620 564 2671 AGNETE
593 2622 811 2674 MARTYRE,

125 2730 227 2808 Fam
240 2750 330 2809 refert
345 2765 459 2812 sanctos
471 2753 581 2811 dudum
599 2754 733 2834 genuisse
746 2769 885 2835 parentes

122 2839 325 2921 Augrnentum
339 2843 468 2924 lugubris
482 2858 582 2905 cantus
595 2847 683 2905 :tuba
702 2868 770 2907 cum
784 2851 960 2928 crepuisset,

121 2928 257 2994 Nutricis
268 2937 417 3015 gremium
426 2938 524 2997 subito
536 2937 659 3016 liquisse
667 2939 796 3018 puellam
809 2985 818 3016 ,

123 3019 234 3101 Sponte
247 3039 343 3087 truces
356 3027 483 3088 calcasse·
494 3031 588 3089 minas
601 3031 773 3110 rabiemque
785 3037 922 3116 tyranni,

120 3113 219 3176 Urere
229 3137 299 3178 cum
311 3118 438 3182 flammis
451 3122 589 3186 voluisset
601 3123 704 3186 nobile
717 3144 835 3205 corpus.
