2018 3714
62 252 180 341 μὴ.
229 264 420 323 unveusus
436 271 656 330 uuunuueu
670 277 731 332 un.
747 277 781 332 n
908 267 947 330 rt

65 355 236 443 Conceptae
249 363 340 425 simul
351 365 383 426 iu
395 370 511 450 gremio
522 372 715 435 cumsemlue
725 372 825 438 umis

63 461 189 523 AEtates
201 480 308 523 omues
317 463 405 524 tacita
417 465 562 545 sapientia
573 467 719 543 lustrans,

63 553 179 616 Debita
188 553 371 636 suscipiens,
383 569 505 620 cunctos
520 559 669 621 mundare
678 572 823 642 paratus,

65 646 207 708 Reddere
217 646 325 708 secturi
338 649 470 726 multus,
489 673 566 732 quus
576 664 733 735 sparserat
729 672 824 714 unus.

64 737 106 799 Et
117 739 188 819 quia
199 738 343 801 terribilia
353 754 446 822 puteo
457 745 631 806 demersus
621 746 728 826 miquo

64 830 125 892 Vir
135 832 263 906 cecidit,
284 835 375 894 suxit
387 855 471 919 virge
479 838 625 900 subducta
639 839 795 898 dracone·
786 878 796 910 ,

66 921 210 987 Consilio
220 924 347 1006 placuit,
361 939 480 1011 tegmen
493 929 611 992 coeleste
623 930 745 1010 reliquit
757 954 765 998 ;

64 1016 175 1100 Arguit
186 1017 243 1079 hos
254 1016 496 1101 liguumuudos,
510 1041 594 1083 mors
609 1035 673 1083 atra
684 1023 791 1105 coegit.

65 1109 115 1172 Er
132 1112 241 1173 eadem
252 1132 350 1174 musa
358 1113 451 1175 simili
463 1114 580 1176 ratione
591 1115 703 1177 relecta

66 1202 143 1265 Jam
155 1218 317 1282 renovata,
335 1197 414 1268 redit
423 1205 480 1268 llus
493 1208 612 1283 carnis,
626 1219 657 1268 et
668 1204 786 1287 hospita
806 1204 891 1288 pasis

67 1296 198 1379 Virgine
210 1299 357 1379 desponsa
369 1318 458 1376 caro,
483 1321 547 1362 uon
562 1320 597 1361 ex
611 1299 729 1360 semiue
744 1309 816 1358 natu

66 1389 187 1452 Artifici
204 1392 361 1472 conjuncta
373 1412 450 1470 suu,
465 1392 532 1454 sinc
544 1393 647 1454 debito
658 1390 765 1451 mortis

66 1481 202 1565 Angelus
211 1482 277 1546 hoeu
285 1486 425 1546 mandata
436 1487 550 1567 petris,
562 1485 726 1568 per‘sidera
735 1481 831 1543 defert

67 1573 204 1650 Lucida,
215 1587 249 1636 ut
264 1576 396 1660 angelica
407 1579 567 1640 credantur
576 1578 702 1640 nuncius
722 1576 804 1637 fama

69 1668 207 1750 Virginis
218 1679 250 1728 ut
263 1666 368 1752 virgo,
384 1671 482 1732 carnia
495 1690 567 1732 caro
577 1671 677 1732 debita
688 1669 793 1732 solvat.

68 1760 195 1823 Talibus
206 1763 351 1845 ingressus
362 1764 496 1844 sequitur
507 1764 627 1848 vestigia
637 1763 748 1824 mortis

72 1853 218 1915 Parvulus
228 1855 389 1928 immanis,
403 1857 504 1918 senior
514 1877 607 1938 puer,
622 1870 653 1918 et
662 1856 778 1938 juvenis
792 1855 850 1918 vir.

30 1988 35 1993 -
73 1943 147 2008 Post
159 1947 211 2007 ubi
223 1949 298 2030 justa
310 1948 368 2008 viri
378 1949 531 2030 completa
542 1963 586 2010 est
599 1949 719 2010 ruboris
731 1961 822 2023 aetas,

74 2035 225 2101 Paulatim
245 2040 351 2102 solitus
363 2041 447 2104 socia
462 2042 628 2122 deperdere
642 2041 723 2111 vita;

73 2131 108 2194 ln
120 2132 215 2193 suedas
230 2133 321 2193 etiam
342 2152 447 2216 rugas,
460 2146 490 2195 et
503 2133 614 2195 inertia
622 2133 763 2194 membra

73 2221 191 2285 Mutari
199 2224 302 2305 specie
312 2225 443 2288 vacuatis
453 2226 603 2308 sanguiue
609 2225 698 2288 venis

75 2314 231 2392 Constitit,
244 2316 324 2377 haud
334 2317 472 2379 habiturn
484 2337 587 2399 passus
596 2331 779 2380 veterascere
792 2313 915 2387 amis,

76 2408 183 2489 Quave
196 2427 321 2470 manuue
333 2410 464 2471 extendit
476 2424 592 2472 temere
605 2410 776 2493 contingere
788 2407 913 2491 liguum.

76 2502 149 2581 Qua
159 2501 229 2577 dic,
244 2521 343 2582 quove
352 2502 421 2565 loco
433 2503 541 2566 cecidit
555 2501 735 2565 clarissimus
749 2501 848 2562 Adam
861 2542 871 2576 ‚

76 2592 144 2656 Hac
157 2594 265 2667 eadem
278 2595 422 2656 redeunte
436 2594 686 2657 dissolventibus
698 2593 786 2655 anuis
895 2608 898 2615 '

76 2687 110 2749 ln
120 2687 219 2750 stadio
230 2685 303 2769 ligni
316 2729 326 2762 ‚
339 2687 426 2749 sortis
439 2706 611 2771 congressus
622 2687 732 2748 athleta
743 2707 752 2757 ς

10 2835 20 2864 ,
75 2777 279 2858 Extenditque
289 2798 413 2855 manus,
424 2800 546 2860 poeuatn
553 2793 589 2842 et
600 2799 657 2861 pro
671 2777 759 2838 laude
772 2784 890 2836 secutus

74 2873 200 2936 Devicit
211 2880 364 2947 mortem,
377 2872 448 2952 quia
459 2885 590 2932 mortem
602 2882 710 2953 sponte
723 2865 855 2946 reliquit,

74 2965 166 3028 Exuit
180 2963 299 3026 exuvias
311 2963 427 3041 caruis,
442 2977 472 3026 et
483 2964 585 3025 debita
598 2962 725 3033 mortis3

73 3055 379 3142 Serpentis-spolium
392 3056 533 3134 ‚devicto
545 3056 685 3138 principe
699 3050 804 3114 muudi
889 3090 895 3101 ·
