2018 3714
52 203 78 245 r.
96 180 180 257 436.
276 192 522 251 EVANGEMCAE
538 161 627 251 tusc.
645 199 708 253 crs.
726 203 763 255 rv
883 195 942 279 269

52 284 219 353 Continuo
231 285 330 349 cuncti
341 300 494 367 quaerunt,
510 290 575 367 quis
588 290 695 352 talibus
708 295 785 355 susis

52 380 170 445 insano
184 395 301 445 tautum
314 381 441 463 cepisset
452 384 544 443 corde
555 403 714 445 venenum.

52 474 115 538 ltte
128 476 257 539 debinc:
271 473 380 557 Epulis
390 496 510 537 mecum
521 497 602 538 nunc
614 479 758 555 vescitur,
773 481 878 562 inquit.

56 566 121 631 Sed
134 568 255 631 soboles
265 566 404 630 bominis·
410 571 563 649 quondam
576 572 747 652 praescripta
758 574 870 635 subibit
939 612 943 617 -

58 658 223 745 Supplicia·
231 664 269 723 ed
279 674 407 743 tempus.
422 661 606 724 Miserabilis
618 663 670 724 ille
681 685 739 744 per
751 688 864 742 sevum,

59 752 127 835 Qui
139 759 251 839 josuo
262 755 347 817 dedit
361 778 368 815 ι
382 768 494 835 quanto
508 756 626 818 felicior
640 770 735 834 esset,

61 844 94 908 Si
108 868 265 929 nunquam
275 848 364 910 terris
375 849 513 931 tetigisset
525 849 631 911 lintius
645 851 731 912 vitae!

59 938 99 1004 Et
111 940 213 1003 Judss
223 941 352 1025 graviter
362 952 433 1001 tum·
440 943 558 1004 conscia
569 956 692 1024 pectora
704 965 841 1024 pressus,

61 1030 236 1115 Numquid,
247 1034 306 1110 ait,
318 1033 432 1094 Judsm
444 1034 511 1095 tulis
522 1036 652 1115 suspicio
665 1038 780 1120 tangit?

61 1126 234 1211 Respondit
245 1126 399 1188 Dominus
412 1148 419 1186 ε
435 1125 482 1186 Te
495 1126 566 1187 talis
576 1129 676 1190 dicere
688 1150 789 1192 cerno.

61 1220 142 1286 Haec
153 1220 205 1284 ubi
219 1220 298 1284 dicta
309 1220 408 1295 dedit,
422 1219 600 1301 paiurissibi
611 1222 747 1306 frangere
760 1244 889 1304 panem,

56 1314 261 1395 Dirisuutque
272 1313 382 1376 debinc
392 1315 500 1389 tradit,
513 1328 707 1395 sanctumque
722 1330 876 1398 precatus,

54 1407 237 1490 Discipulos
246 1405 365 1480 docuit,
380 1407 540 1488 proprium
553 1407 609 1469 sibi
624 1410 733 1470 dedere
748 1429 865 1492 corpus.

55 1501 148 1565 Hinc
159 1499 286 1564 culicem
298 1499 389 1561 sunsit
403 1498 570 1574 Dominus,
585 1500 714 1580 vinoque
727 1503 876 1583 repletum

57 1592 167 1656 Gratis
177 1592 338 1655 tmctificst
350 1593 466 1667 verbis,
480 1605 645 1674 potumque
658 1595 822 1673 ministret,
933 1644 937 1653 .

58 1685 268 1767 Edocuitque,
280 1707 366 1749 suum
375 1707 406 1747 se
418 1685 548 1748 divisisse
561 1707 709 1748 cruorem.

57 1781 164 1861 Atque
174 1780 234 1842 tit:
249 1779 312 1844 Hic
325 1780 440 1864 sanguis
452 1781 557 1862 populi
571 1780 677 1842 delicta
692 1782 818 1843 redemit
832 1806 839 1843 :
932 1824 934 1829 ,

57 1872 136 1937 Hoc
148 1885 248 1957 potate
261 1895 374 1935 meum.
390 1872 472 1935 Nam
486 1873 563 1934 veris
577 1875 688 1936 credite
699 1873 802 1949 dictis,

56 1965 137 2029 Post
147 1966 211 2030 brec
223 1986 287 2029 uon
301 1985 431 2047 unquam
445 1966 513 2027 vitis
523 1967 644 2047 gustabo
658 1964 825 2044 liquorem,

56 2060 173 2124 Donec
185 2061 379 2144 regna-petris
389 2057 523 2121 melioris
535 2079 658 2119 munere
670 2058 736 2117 vitoe
753 2110 755 2115 ,

58 2153 98 2215 Io
112 2173 191 2216 nora
203 2174 253 2215 me
264 2174 365 2215 rursus
376 2154 541 2215 concedant
552 2171 670 2232 surgere
685 2150 761 2210 vine.
797 2202 801 2208 .

59 2245 142 2317 Exin
155 2259 272 2309 cantato
284 2246 392 2310 sanctis
405 2244 598 2308 concentibus
611 2244 744 2326 byrrruo,

60 2337 182 2401 Montis
195 2336 311 2401 Oliveti
324 2339 526 2403 conscendunt
539 2337 671 2399 culmine
684 2338 790 2399 cuncti.

60 2430 152 2493 Talia
163 2446 228 2495 tum
243 2431 379 2495 Christus
392 2433 545 2513 depromit
558 2445 680 2514 pectore
688 2431 782 2492 rerba
797 2455 803 2493 τ

62 2523 186 2589 Omnes
198 2528 352 2610 presentis
363 2527 459 2589 noctis
471 2547 524 2587 ros
538 2538 674 2606 tempore
687 2525 773 2607 longe

60 2618 226 2705 Disperget
237 2621 367 2697 misere,
380 2620 496 2681 deserto
509 2620 665 2700 principe,
680 2631 785 2679 terror.

63 2711 117 2776 Sic
128 2715 241 2777 etenim
254 2715 398 2796 scriptum
411 2725 454 2775 est
466 2737 474 2775 r
488 2708 624 2773 Pastoris
633 2712 748 2773 casibus
760 2728 866 2768 omnes

61 2805 100 2867 lu
114 2808 232 2869 diverse
242 2808 341 2891 iugem
354 2807 473 2886 cupient
483 2825 539 2886 per
551 2804 778 2866 rursbidentes.

62 2898 138 2961 Post
146 2901 199 2962 ubi
210 2902 269 2961 vita
279 2920 374 2961 noros
386 2898 538 2962 coeiimibi
552 2896 655 2956 reddet
667 2894 817 2963 bonores,

64 2991 271 3071 Praerenism,
283 3006 455 3074 vestrosque
467 2991 575 3054 choros
584 2985 761 3071 genitalibus
773 2982 850 3136 agris

770 3099 786 3136 2
810 3120 818 3137 ι
