2046 3712
51 284 93 352 b.
189 323 196 343 ι
290 301 558 357 ciuntur
802 289 864 355 &3

51 394 157 477 εἰμι,
168 391 341 477 patiturque
354 416 422 457 suos
435 406 521 458 mens
531 396 629 458 saucia
642 416 756 460 manes.

51 500 130 549 teter
141 486 214 550 huic
225 500 329 549 nostro
343 489 408 550 fieri
422 502 484 550 rata
498 502 566 550 vota
577 502 717 570 precatu;

51 592 205 655 uernam,
217 581 393 663 rapiamque
405 581 499 652 nihil;
513 583 583 642 satis
596 582 653 644 hoc
665 603 731 643 rear
743 603 806 645 esse

51 674 163 735 antis
176 686 234 746 eeu
249 674 294 734 nit
307 687 395 754 turpe
406 673 497 735 velim
510 716 520 750 ‚
533 694 591 735 nec
604 693 689 736 eausa
701 676 826 755 pudoris

58 766 141 829 mihi
152 808 163 843 ‚
175 786 233 829 nec
244 766 353 828 faciam
371 765 587 847 cuiquamqnae
606 779 744 848 tempore
758 771 866 833 eodem

51 852 92 921 ini
108 856 187 921 sacta
198 858 292 934 mihi,
305 878 362 921 nec
373 879 445 920 vero
455 860 585 920 crimine
595 859 701 922 laedar:

59 949 201 1015 maculer
212 951 314 1012 dubio.
331 950 459 1012 Paulum
470 952 578 1013 distare
591 953 708 1014 videtur

51 1032 166 1121 iectue,
179 1065 309 1125 vereque
322 1065 390 1106 rens
403 1045 482 1106 male
495 1065 583 1127 posse
594 1045 718 1107 facultas

51 1158 75 1201 ,a
86 1138 147 1213 cit,
161 1149 191 1199 et
200 1138 280 1201 bene
292 1157 380 1219 posse
394 1138 469 1198 adsit
481 1138 642 1218 tranquilla
654 1152 794 1220 potestas.
876 1204 880 1211 ,

56 1231 153 1295 ῐοιιιιὶ
164 1226 243 1295 victu
256 1243 344 1311 atque
354 1231 479 1302 ‘habitu3
495 1230 552 1291 sim
565 1248 651 1292 carus
663 1233 786 1310 amieis,

51 1316 289 1409 imperflenitur
301 1323 366 1385 sine
378 1322 502 1384 vulnere
514 1323 648 1384 nominis
657 1323 743 1405 hujus

66 1416 178 1481 animo
190 1416 309 1478 doleam
319 1460 329 1493 ‚
341 1436 405 1477 nun
417 1434 547 1497 corpore
560 1428 664 1478 cuncta
675 1418 783 1496 quietis

51 1520 164 1595 gantur
175 1510 314 1570 membra
326 1508 452 1582 officiis,
467 1529 524 1570 nec
536 1509 652 1570 saucius
664 1509 733 1570 ullis
795 1560 803 1580 ,

51 1602 131 1665 ibus
144 1602 286 1663 amissum
299 1603 462 1682 quidquam
474 1603 622 1662 desideret
633 1623 701 1663 usus

51 1718 59 1759 t
73 1694 179 1766 frum
193 1714 313 1757 securus
325 1713 428 1776 agaim
444 1694 589 1756 miracula
604 1706 694 1754 terrae

51 1788 83 1851 ia
94 1800 220 1870 putem,
232 1805 374 1869 suprema
386 1785 461 1846 mihi
473 1807 543 1848 cum
555 1787 672 1847 venerit
682 1787 776 1860 horu

63 1881 175 1942 timeat
187 1893 316 1941 mortem
329 1880 407 1941 bene
419 1878 537 1941 conscia
551 1878 609 1939 vita
624 1900 680 1940 nec
694 1893 788 1961 optet.

51 1994 87 2037 ue
98 1973 139 2036 ab
151 1972 275 2036 occultis
287 1993 356 2034 cum
367 1984 397 2033 te
410 1970 581 2052 indulgente
592 1971 737 2032 videbor:

51 2066 109 2129 nia
121 2065 300 2146 despiciam,
314 2063 386 2125 furit
398 2085 468 2126 cum
479 2063 543 2124 sota
556 2062 692 2144 voluptas

51 2160 149 2223 icium
160 2177 280 2240 sperare
292 2168 396 2232 tuum,
409 2158 489 2237 quod
503 2158 575 2217 dum
587 2175 638 2216 sua
652 2155 754 2217 differt

51 2272 164 2335 epora,
178 2263 409 2330 cunctanterque
421 2249 484 2310 dies
496 2247 603 2331 procul
616 2249 696 2332 exige
709 2268 789 2313 saevo

51 2345 204 2407 diaturem
215 2343 332 2406 blandis
344 2342 495 2405 erroribus
507 2362 643 2425 anguem.

51 2438 154 2521 epia,
168 2438 221 2499 sed
230 2430 527 2517 moestu'trepidantia
544 2447 613 2496 vota
626 2445 710 2495 reatu
755 2428 764 2435 ’

51 2531 120 2593 ciete
132 2531 212 2611 apud
223 2544 369 2593 aeternum
379 2528 534 2611 placabilis
545 2547 642 2589 assere
655 2538 781 2609 patrem¹

51 2635 139 2687 rator
149 2620 254 2699 Dens,
269 2643 304 2683 ac
316 2623 473 2682 dominum
487 2641 573 2682 mens
583 2619 680 2702 gloria
693 2620 820 2681 verbum

51 2719 92 2777 ine
104 2736 222 2777 exuero
234 2736 338 2778 rernm
351 2715 388 2775 de
397 2709 641 2777 ‘lumine'lumen

51 2827 132 2869 :erno
145 2827 215 2870 cnm
226 2821 311 2888 patre
325 2825 449 2867 manens
463 2805 494 2865 in
511 2803 609 2866 secula
621 2823 746 2885 regnans

51 2919 140 2961 nona
150 2920 241 2981 quem
254 2899 383 2962 celebrat
396 2896 549 2958 modulato
563 2896 696 2956 carmine
708 2894 813 2981 plebes

51 2992 394 3076 mpunurnferitaera
406 2989 547 3066 vocibus,
561 2985 671 3049 Amen.
738 3052 743 3058 ,
