2018 3714
23 310 57 353 v.
76 287 152 351 616.
238 300 480 360 nvnucnncn
497 306 586 362 tusc.
603 308 666 364 nu.
684 310 731 363 lv.
851 302 909 386 275

29 394 99 473 Qui
112 394 190 478 regis
203 404 467 478 nomen'cuperet,
482 402 532 479 qui
548 399 672 463 Caesaris
684 404 802 467 hostem

29 486 215 563 Confessus,
228 509 291 550 sese
304 493 432 572 proprio
446 494 631 555 damnaverit
643 517 706 558 ore.

24 578 174 661 Denique
184 582 215 643 vi
227 580 339 657 victus,
358 585 573 665 detestatusque
588 603 745 651 cruentum
807 617 813 627 ·

27 670 199 750 Officium,
210 675 385 755 increpitat,
399 697 430 737 se
442 678 538 739 libera
550 681 699 762 sanguinis
710 683 795 765 hujus

29 766 140 829 Corda
150 780 251 829 tenere
264 767 340 843 sibi,
353 789 513 850 coramque
527 793 544 832 a
556 774 681 834 crimine
694 776 810 856 palmas

25 860 155 934 Abluit,
168 873 200 921 ut
212 861 294 943 genti
306 870 421 923 tanturn
434 862 551 926 macula
563 866 615 926 illa
628 882 773 929 maneret.

29 953 105 1016 Hoc
117 954 212 1039 magis
223 952 405 1016 inclamant}
421 954 452 1016 N
454 978 505 1033 os,
520 979 576 1019 nos
589 980 678 1020 cruor
690 960 745 1023 iste
758 976 907 1043 sequatur,

32 1046 74 1107 Et
87 1068 179 1130 genus
191 1047 224 1106 in
234 1060 370 1107 nostrum
384 1050 478 1111 scelus
488 1050 567 1127 hoc,
581 1064 612 1111 et
623 1052 711 1133 culpa
723 1056 877 1117 redundet.

35 1138 147 1202 Pilatus
157 1143 250 1202 donat
261 1141 362 1222 plebi,
377 1142 493 1224 legique
506 1142 696 1219 Barabbam,

33 1231 76 1293 Et
89 1234 182 1297 crucis
195 1236 233 1293 ad
245 1254 365 1315 poenam
383 1237 516 1297 vinctum
529 1238 665 1299 concedit
676 1235 789 1300 lesum.'

75 1324 219 1388 Proditor
229 1340 258 1387 at
271 1327 380 1403 Judas,
395 1341 554 1409 postquam
567 1349 599 1389 se
612 1328 680 1389 talia
694 1332 790 1391 cernit

29 1420 167 1501 Accepto
180 1420 300 1483 sceleris
312 1423 411 1502 pretio
422 1422 549 1503 signasse
562 1422 727 1497 furentem,

28 1512 140 1575 Infelix
151 1512 235 1597 agris
247 1515 390 1573 damnans
404 1534 455 1573 sua
467 1526 545 1597 gesta
557 1515 704 1592 querelis,

30 1604 165 1687 Proiecit
174 1606 289 1687 templo
303 1619 367 1684 turn
381 1608 527 1668 detestans
538 1620 702 1690 argentum.

30 1697 220 1779 Exorsusque
231 1719 297 1759 suas
310 1699 416 1779 laqueo
428 1699 484 1760 sibi
498 1721 616 1760 sumere
629 1720 752 1781 peenas,

28 1790 200 1853 informent
212 1792 310 1873 rapuit
323 1793 395 1854 ficus
408 1794 444 1853 de
458 1793 567 1855 vertice
580 1806 722 1854 mortem.

25 1885 106 1946 inde
118 1886 304 1960 sacerdotes,
318 1886 448 1966 pretium
462 1888 543 1964 quod
554 1887 702 1968 sanguinis
715 1899 808 1964 esset,

24 1977 176 2039 illicitum
187 1977 281 2038 fantes
292 1979 386 2061 adytis
398 1979 459 2059 jam
473 1979 602 2038 condere
614 1978 721 2058 templi
730 2022 748 2054 ,.

28 2071 127 2149 Quod
140 2071 211 2130 dare
223 2082 287 2130 tum
300 2070 430 2144 licitum,
444 2070 515 2129 duria
528 2069 644 2150 sanguis
656 2068 884 2150 distraheretur,

31 2161 225 2238 Credebant,
239 2182 342 2244 agrum
352 2161 475 2222 mercati
487 2161 612 2221 nomine
626 2180 697 2220 vero

29 2256 208 2341 Sanguinis,
220 2255 372 2316 horrendo
384 2255 499 2336 signant
512 2253 623 2314 scelera
636 2253 731 2333 impia
743 2253 832 2315 facto.

26 2350 107 2412 Haec
120 2350 273 2430 quondam
288 2363 429 2430 cooperta
441 2367 549 2410 canens
562 2368 617 2407 vox
629 2366 701 2408 vera
715 2345 894 2430 Prophetae,

23 2444 181 2507 Eventum
194 2463 295 2503 rerum
309 2441 449 2523 patefecit
461 2442 492 2501 in
506 2439 612 2501 ordine
625 2439 696 2502 secli
709 2462 717 2500 :

26 2537 155 2621 Argenti
167 2536 288 2618 triginta
299 2535 395 2595 minas
408 2554 534 2615 posuere
547 2533 683 2614 profani,

29 2628 101 2692 Hoc
112 2631 245 2712 pretium
259 2628 382 2709 pretiosi
396 2627 532 2707 corporis
542 2626 746 2696 instituentes,

28 2723 125 2803 Quod
138 2743 209 2783 mox
220 2723 257 2782 ad
269 2721 350 2805 figuli
363 2741 462 2781 rursus
472 2719 647 2780 transfertur
661 2716 799 2800 agellum.

68 2816 212 2877 Traditus
224 2828 268 2875 est
277 2814 410 2876 trucibus
420 2815 527 2894 justus,
539 2810 717 2887 scelerisque
731 2807 874 2868 miuistris

27 2909 182 2970 Militibus
195 2933 202 2969 :
214 2908 360 2970 scelerum
374 2907 504 2967 ludibria
518 2921 646 2983 corpore
657 2900 788 2980 perfert,

28 3000 279 3085 Purpureamque
286 3001 330 3061 ilii
338 2994 743 3078 tunicam,chlamydemqne
751 2993 908 3057 rubentem

28 3092 215 3173 ludnerunt,
228 3094 380 3178 spinisque
392 3102 480 3174 caput
489 3089 607 3153 cinxere
619 3084 763 3163 cruentis,
