2046 3712
134 274 173 337 18
417 286 706 341 'rent‘tttttattt
895 296 922 335 r.
914 296 1008 365 asp.

134 380 210 440 Saxa
223 376 315 451 fient,
327 390 357 438 et
369 395 490 457 semper
502 388 606 452 erunt,
619 376 677 441 nisi
690 394 797 460 magna
807 392 985 460 potestas
994 380 1004 437 i

136 473 267 536 Solverat
280 469 402 534 inducto
414 470 501 532 molli
514 471 645 552 spirante
653 484 777 553 tepore
981 474 1005 547 ’,

135 565 296 629 Viticnlse
286 586 318 626 ιιι
329 563 433 648 gracili
445 562 537 624 latet
528 579 632 645 ingens
643 584 773 646 corpore
785 566 955 644 botrus,¹
951 566 1001 625 ·:'

136 646 171 721 Si
185 678 393 741 quaeras‚non
404 669 465 722 est;
481 676 550 717 cnm
563 654 625 717 vult
638 653 742 733 neus,
756 661 988 725 medeam
971 646 1012 701 ‘⁴'

134 752 304 814 Arboribus
316 749 388 812 tolia
396 748 609 831 ‚spinisrosa‚
621 751 759 832 germina
771 753 890 834 eampis
957 754 972 791 '·
985 752 1003 795 '¹⁴'

136 843 261 906 Mortua
273 843 425 919 deficiunt,
440 854 471 903 et
483 861 583 902 rursus
595 842 662 903 viva
674 857 838 926 resnrgnnt.

136 937 215 1000 Haec
225 936 343 998 homini
356 933 441 997 Deus
452 945 521 994 ante
539 932 643 995 orarios
655 947 792 996 revocata
804 935 972 1018 reformat,
983 944 1003 993 ,i

136 1029 267 1112 Propter
280 1049 371 1108 quem
382 1025 535 1107 locuples,
548 1026 664 1107 primns
679 1026 760 1109 large
772 1029 878 1090 omnia
889 1030 971 1101 tecit
997 1030 1004 1083 t

137 1121 254 1184 Omnia
265 1122 344 1183 nuda
357 1122 487 1194 cadunt,
502 1139 555 1179 sno
569 1139 699 1200 corpore
710 1120 826 1204 singnis
838 1123 935 1187 restit.

139 1214 204 1278 Cur
216 1215 373 1277 hominem
385 1212 503 1288 solnm,
516 1212 564 1274 cui
577 1224 674 1273 tantos
686 1212 762 1274 indit
773 1212 929 1293 tonores,
960 1262 964 1269 .

136 1307 212 1385 Non
224 1321 339 1369 tanturn
351 1317 471 1368 revocet
483 1304 560 1379 sibi,
575 1324 665 1383 quem
678 1325 771 1386 snper
780 1308 889 1371 omnia
898 1308 994 1375 feeit?

138 1398 228 1484 Ergo,
236 1420 305 1464 caro
317 1413 347 1460 et
359 1399 475 1480 sanguis
486 1395 548 1457 Dei
560 1416 653 1480 regno
666 1398 754 1481 digna
765 1412 906 1482 negatur,

136 1488 296 1573 Tanquam
308 1491 345 1551 sit
357 1487 467 1551 Paulus
480 1490 604 1570 proprie
616 1491 654 1551 de
665 1510 755 1552 carne
764 1491 893 1556 locutus.

139 1583 198 1648 llis
212 1584 334 1664 quidem
347 1602 453 1664 magna
466 1582 583 1658 docuit,
599 1583 651 1642 sed
665 1581 766 1643 inania
777 1585 871 1646 corda

139 1675 262 1757 Cameli
275 1694 413 1737 sermone
426 1685 530 1754 putent
544 1696 552 1746 ς
567 1694 639 1734 nam
652 1675 776 1757 pristina
789 1675 866 1739 facta

140 1766 299 1851 Sanguinis
312 1780 342 1828 et
354 1768 451 1829 carnis
463 1766 557 1828 voluit
569 1767 623 1835 suls
635 1769 760 1833 nomine
773 1769 865 1848 dicta,

141 1858 278 1935 Coelestis
291 1860 390 1942 magni
404 1873 586 1929 memoratus
597 1861 687 1921 verba
700 1861 853 1944 magistri,

142 1954 208 2035 Qui
223 1973 277 2034 per
288 1971 395 2033 aquam
410 1954 447 2012 de
459 1971 490 2012 se
501 1952 608 2035 genitis
620 1953 664 2012 sui
676 1973 789 2015 nomen
801 1955 929 2021 honoris

140 2045 296 2123 Donavit,
310 2047 475 2128 pignusque
485 2065 539 2105 suo
553 2046 590 2105 de
603 2045 709 2125 spiritu
720 2045 819 2122 tutis,

141 2138 187 2199 Ut
199 2142 281 2222 eujus
291 2139 407 2200 fuerant
419 2138 560 2198 homines.
568 2136 676 2205 virtute
689 2138 862 2219 redempti,

142 2229 244 2312 Hujus
254 2244 284 2292 et
294 2232 465 2310 acciperent
477 2229 613 2290 renovati
625 2249 738 2290 nomen
749 2229 886 2294 honoris.

144 2319 228 2404 Ergo
239 2322 308 2403 quia
320 2321 442 2401 populis
454 2324 588 2382 nondum
601 2341 655 2383 suo
667 2321 749 2385 sonte
762 2326 895 2402 renatis,

148 2411 295 2474 Sordibus
306 2414 434 2491 antiquis
446 2414 532 2474 tectis
544 2457 553 2489 ‚
568 2426 597 2474 et
611 2414 712 2475 debito
724 2415 835 2477 mortis

144 2504 192 2565 'Ex
205 2506 297 2567 veteri
311 2525 397 2568 causa
410 2527 535 2589 regnum
547 2506 664 2569 celeste
678 2508 814 2589 negavit,

143 2594 280 2665 Dicens:
294 2598 458 2658 humanum
477 2619 576 2659 rursus
589 2599 699 2660 debere
710 2601 845 2662 renasci:

145 2689 239 2770 Quod
249 2704 350 2750 natum
365 2703 406 2750 est
420 2692 578 2767 decarne,
593 2711 663 2752 oaro
678 2704 743 2764 est;
756 2694 794 2753 de
807 2695 926 2775 spiritu,
939 2697 1015 2767 rita:

144 2780 268 2845 Radicis
280 2783 387 2844 veteris
398 2804 476 2843 nova
486 2785 621 2865 germina
634 2784 730 2868 gloria
741 2799 861 2849 motans

144 2873 288 2943 Ablutum
301 2895 410 2955 eorpus
422 2877 481 2956 jam
496 2897 557 2936 non
571 2878 608 2939 de
622 2897 710 2938 carne
723 2879 846 2953 sonari,

146 2963 218 3027 Hoc
231 2968 363 3047 sequitur
376 2965 504 3042 Paulus,
515 2967 612 3029 sicest
624 2968 662 3029 de
675 2988 764 3030 carne
775 2968 901 3035 loeutus.

147 3055 289 3143 Denique
299 3060 387 3125 dixit:
406 3056 898 3158 Oportereauperinduirestetn,
