2046 3712
99 310 157 371 266
391 317 419 369 c.
436 318 469 369 v.
486 318 520 368 a.
536 284 692 369 mvmtct
839 324 862 365 r.
892 397 895 406 Ι

96 416 136 475 Et
150 412 258 475 mulier
273 435 280 472 ι
296 409 386 473 Certe
398 422 518 492 surgent
529 408 561 471 iu
575 429 706 471 munera
716 408 781 472 vitae

96 507 242 568 hlurtales
253 504 369 578 cuncti,
380 504 480 563 veniet
492 523 561 564 cum
574 504 726 563 terminus
735 502 806 565 orhi.
888 497 905 536 ’·

96 602 233 663 Christus
246 598 318 658 item
332 609 433 656 sancto
446 594 600 676 depromit
611 608 738 676 pectore
748 614 852 659 rocem

94 694 144 753 Eu
161 713 215 774 ego
229 711 295 750 sum
308 688 396 750 clarae
408 686 496 756 vohis
508 688 661 768 reparatio
674 688 755 749 vitae.

910 749 923 812 1·.

94 786 131 845 ln
144 807 194 844 me
207 784 258 865 qui
270 783 381 855 credit,
395 792 527 840 mortem
540 780 698 861 deponere
711 792 863 863 sumptam,
919 832 926 854 ,

93 879 135 939 Et
146 880 237 938 vitam
250 875 361 956 poterit
372 874 432 957 jugi
444 874 666 955 comprendere
678 873 771 935 seclo.

93 975 134 1032 At
147 972 314 1051 quicunque
327 967 418 1027 fidem
431 967 499 1028 vivo
512 966 567 1027 suh
580 977 709 1047 pectore
722 978 831 1041 sumet,

92 1064 228 1125 Horrida
239 1081 300 1121 uon
314 1079 443 1138 uuquam
456 1058 609 1141 continget
621 1057 731 1118 limina
742 1058 850 1122 morth

92 1157 151 1217 lsta
164 1158 225 1216 haec
238 1155 263 1213 si
276 1154 372 1215 credis
385 1172 462 1231 puro
475 1152 512 1211 de
525 1162 670 1232 pectore,
687 1150 831 1213 Martha?

90 1248 147 1309 Illa
161 1247 270 1308 dehinc
280 1244 376 1306 {Haec
387 1264 446 1304 nna
458 1244 531 1303 fides
545 1262 614 1304 mea
625 1244 722 1305 corda
734 1244 858 1322 tenehit,

91 1342 237 1404 Sublimis
248 1338 417 1400 veneranda
429 1336 491 1397 Dei
503 1336 584 1415 quod
596 1336 717 1397 venerit
727 1337 759 1398 in
769 1350 801 1399 te

89 1434 229 1496 Caelestis
240 1430 359 1492 soboles
370 1430 450 1492 ceiso
462 1428 517 1490 suh
529 1429 655 1490 nomine
669 1427 798 1491 Christi.

92 1527 167 1587 Haec
179 1526 237 1600 ait,
252 1536 281 1584 et
292 1521 425 1584 Mariam
436 1543 523 1584 cursu
535 1535 653 1582 motura
665 1540 828 1601 sororemj

89 1618 238 1679 Interiora
251 1616 343 1697 petit,
356 1628 489 1678 sanctum
503 1616 617 1677 venisse
630 1616 827 1700 magistrum,

89 1710 129 1773 Et
144 1711 255 1792 pariter
268 1708 349 1769 luctu
361 1727 535 1790 oppressam
546 1709 679 1770 vocitare
692 1729 832 1772 sororem

88 1802 271 1876 Admonuit,
285 1802 376 1862 tacito
391 1801 545 1883 designans
557 1801 659 1862 omnIa
671 1816 758 1864 nutu.

90 1896 213 1957 Prosilit
227 1895 278 1954 ilia
291 1895 385 1967 foras,
401 1896 502 1954 audito
516 1895 641 1956 nomine
656 1893 784 1957 Christi.

89 1989 342 2066 Prosequiturque
357 1987 446 2046 simul
460 1983 654 2069 Solymorum
667 1990 755 2049 turha
765 1998 926 2073 gementem,

91 2083 276 2145 Credentum
288 2079 405 2139 tumulo
418 2079 505 2139 fletus
518 2080 629 2141 inferre
640 2102 771 2142 sorores.

88 2176 145 2235 illa
158 2174 341 2235 salutiferum
353 2185 512 2252 postquam
526 2175 678 2255 conspexit
692 2175 811 2251 lesum,

88 2266 224 2329 Procidit
237 2266 427 2345 antepedes,
442 2266 580 2346 rupitque
594 2267 670 2328 hanc
682 2283 808 2348 pectore
821 2286 924 2333 rocem:

89 2361 123 2421 si
136 2359 211 2419 mihi
222 2378 397 2442 germanum
410 2359 555 2438 potuisses
567 2360 662 2421 visere
673 2361 793 2438 vivum,

86 2452 215 2512 Lazarus
227 2453 306 2511 haud
319 2465 436 2531 poterat
450 2454 530 2513 durae
542 2455 738 2516 succumbere
752 2458 854 2518 morti.

87 2546 224 2606 Fietihus
236 2546 282 2604 his
297 2543 433 2605 Christus
444 2546 559 2608 socians
573 2549 609 2608 de
624 2550 715 2609 corde
728 2550 882 2627 dolorem,

86 2640 216 2718 inquirit
227 2637 333 2697 tumuli
345 2639 446 2699 sedem
459 2682 467 2712 ,
481 2661 540 2718 quo
553 2641 672 2701 condita
685 2663 786 2723 nuper

88 2733 230 2792 Membra
244 2731 359 2806 forent,
375 2732 481 2793 animae
495 2733 623 2794 volucris
636 2734 764 2814 spoliata
776 2736 883 2798 calore.

89 2824 284 2897 Haudmora‚
293 2825 496 2884 demonstrant
508 2824 608 2900 ilenti,
622 2842 788 2908 moestoque
799 2829 926 2911 sepulcra}

87 2914 177 2998 Rupe
189 2916 243 2976 suh
256 2917 366 2990 excisa,
382 2917 488 2996 lapidis
500 2920 581 2996 quod
594 2922 729 2999 pondere
742 2922 873 2984 clausum

91 3006 133 3067 Ut
145 3010 218 3068 vidit
229 3021 362 3081 sanctus,
378 3010 472 3070 multo
486 3031 555 3070 mox
568 3025 650 3073 vecte
665 3015 783 3075 moveri

87 3097 255 3183 Praecepit:
270 3113 299 3162 at
313 3099 440 3164 Marthae
454 3104 518 3167 talis
532 3125 587 3169 vor
598 3106 735 3171 verberat
748 3128 855 3170 aures:
