2046 3712
90 304 149 377 ²d¹i
392 313 420 367 (ἱ
437 312 471 369 V·
486 314 520 365 Δ.
535 310 691 367 tutem
848 296 914 389 ιᾙ

88 407 175 467 ΑυΙιε
188 407 323 469 coelestis.
339 406 467 472 Sanetus
478 408 526 469 his
537 408 645 469 ordine
656 404 776 487 patmus
836 408 841 413 '
910 408 913 414 '

86 502 239 581 Impedit,
256 503 412 583 redditque
424 499 557 565 humeris
569 510 692 584 portare
705 512 872 581 parentum.
886 524 889 531 ·
906 526 911 537 ·

129 594 210 657 Ecce
223 597 274 656 sed
288 616 305 657 e
316 596 432 677 populu
444 594 577 679 juvenis,
591 592 641 657 uni
654 612 745 669 rura,
760 594 914 677 domme,

87 686 129 747 Et
141 708 208 770 gam
220 690 330 764 stabat,
344 710 446 751 rerum
458 686 606 771 possessio
617 684 754 769 fulgens,
807 696 811 701 '

86 782 231 857 Accedit,
248 778 460 865 Christumque
474 782 575 863 putum
587 778 755 843 submissus
764 780 882 843 adum:

90 872 123 935 0
136 875 217 937 hone
229 888 417 957 praeceptor,
440 876 490 937 die
501 894 602 949 nune,
615 892 684 953 quoe
700 872 784 937 taen
800 874 914 955 sequ-²

90 965 136 1028 Ut
150 969 223 1027 mihi
238 982 414 1050 perpetuam
429 968 516 1031 liceat
530 966 756 1049 comprendere
766 968 876 1031 ritant

93 1058 175 1122 Huic
185 1075 289 1123 auctor
300 1064 443 1124 vitsetnm
457 1062 528 1123 tutia
540 1060 639 1123 reddit
651 1058 738 1121 lesus
752 1084 763 1121 ε

92 1150 179 1215 'l'une
189 1155 311 1215 demum
325 1156 454 1235 queris,
468 1156 562 1216 reteri
574 1174 640 1233 que
650 1152 717 1237 lege
728 1156 886 1217 tenentur?

91 1244 166 1307 Non
180 1248 312 1309 hominis
324 1250 457 1330 perimes
466 1250 579 1321 ritum,
596 1266 659 1307 non
672 1246 902 1311 fururorum

93 1336 235 1415 lnvudes‚
250 1356 432 1420 quaestumve
445 1342 550 1403 alienis
561 1340 649 1401 noxia
664 1340 758 1401 rebus

93 1429 203 1508 Mens,
216 1448 265 1495 aut
277 1436 378 1497 dextre
387 1436 481 1519 leget,
494 1454 557 1496 uon
570 1434 652 1495 testis
664 1432 739 1495 feisa
752 1434 900 1517 toqueri·

96 1520 142 1584 Sit
153 1528 287 1607 genitor,
306 1530 489 1612 genitrixque
499 1540 551 1589 tuo
564 1526 702 1589 sublimis
713 1528 857 1605 honore,

95 1614 254 1681 Proximus
267 1634 297 1682 et
310 1643 387 1703 puro
400 1642 458 1705 pro
472 1634 501 1683 te
511 1620 567 1681 tilsi
579 1622 665 1683 cedat
678 1640 800 1683 umore.

94 1710 151 1771 ltte
163 1712 271 1777 dehinc
283 1738 290 1774 ι
303 1713 420 1779 Cuncta
429 1716 492 1777 hee
503 1734 625 1795 semper
637 1713 714 1775 mihi
727 1728 860 1797 perpete
870 1718 913 1779 ἀπ

97 1800 266 1868 Observata
280 1830 366 1882 reor3
385 1800 488 1873 sedne
501 1808 573 1888 quid
585 1806 663 1868 forte
676 1806 824 1871 relietum

97 1896 203 1974 Desit,
222 1904 363 1981 praesenti
377 1904 464 1965 liceat
476 1923 524 1962 me
538 1920 611 1962 voce
624 1900 756 1960 moueri.

97 1988 126 2048 Τ
128 2013 178 2051 um
194 1992 328 2055 Christus
343 1997 420 2056 satur
434 2020 441 2055 ε
455 1995 547 2056 Nunc
560 1995 584 2054 si
598 1993 732 2073 perfectu
743 1994 873 2077 requiris

99 2082 252 2146 Prendere
264 2089 413 2168 praecelsis
426 2089 542 2148 meritis
555 2086 668 2168 fastigia
679 2087 765 2159 vitre,

100 2177 232 2253 Omnia,
248 2203 312 2259 quoe
326 2183 453 2262 proprio
467 2181 576 2240 retines
589 2179 668 2239 solus
682 2178 857 2251 dominatu,

99 2268 255 2348 Distentis,
272 2288 300 2334 et
312 2277 348 2334 ud
359 2276 485 2335 miseros
499 2273 601 2334 confer
617 2292 738 2332 securus
750 2284 880 2355 egentes.

100 2363 179 2425 Tum
193 2367 343 2428 thesaurus
357 2370 412 2429 erit
426 2367 491 2430 coeli
504 2367 558 2426 tibi
573 2365 710 2427 conditus
720 2384 809 2439 arce,

99 2457 284 2538 Virtutisque
298 2476 383 2522 tenax
397 2461 516 2544 vestigia
529 2473 630 2519 nostra
641 2460 785 2537 sequeris.
818 2458 826 2463 “

100 2551 178 2612 Huc
191 2553 384 2616 adolescentis
399 2556 520 2614 veniunt
533 2554 584 2614 ubi
599 2553 676 2613 dicta
689 2571 867 2632 peratum,

100 2645 221 2725 Deiecit
235 2648 347 2707 vultum
358 2692 366 2722 ‚
379 2649 528 2728 tristisque
542 2647 574 2707 in
589 2658 664 2706 tectu
677 2644 799 2729 refugit.

101 2737 182 2799 'i'nrn
194 2741 236 2801 sie
249 2741 401 2821 discipulis
412 2743 477 2802 vitae
491 2760 559 2822 spes
572 2739 657 2801 unica
670 2738 765 2799 fatur:

101 2832 236 2895 Difficile
251 2848 294 2894 est
307 2837 394 2895 terris
409 2836 509 2894 affixos
523 2834 612 2894 divite
628 2852 698 2916 gaza

102 2925 220 3000 Arelli,
241 2928 365 3008 coelique
379 2929 457 2989 leves
472 2928 502 2987 in
516 2947 604 3009 regnu
617 2926 729 2987 venire.

102 3017 133 3077 N
138 3038 187 3077 um
199 3022 284 3081 eitius
296 3024 392 3083 tenuis
406 3044 460 3102 per
472 3042 540 3082 aeus
552 3021 676 3080 transire
691 3019 831 3078 toramen

104 3110 260 3177 Deformis
273 3128 413 3196 poterunt
424 3116 568 3181 immania
582 3114 720 3177 membra
733 3109 861 3183 cameli,
