2046 3712
111 247 159 324 st·
411 256 733 314 retrusorum-
878 258 1018 324 urst:

117 353 247 417 sudus
261 350 326 415 'llic
338 351 415 414 Baul
429 350 542 415 Christi
555 353 678 417 victoria
690 354 778 441 siguo
983 352 988 363 '

33 453 37 460 '
116 443 265 529 hemplu
279 447 408 530 refugae,
422 446 532 508 devicit
544 445 656 509 semina
669 449 761 532 liguo.

115 539 251 622 dephtha
266 539 325 601 fide
338 540 447 613 firma,
460 538 511 618 qui
524 541 601 600 duro
613 540 735 603 vnlnere
749 542 868 606 votum

114 632 230 708 Ausus,
244 633 416 695 mercedem
429 630 505 714 betti,
516 630 587 692 Deo
597 631 698 695 dicere
707 632 884 717 'grandemr'

116 725 274 805 Hisquia,
286 745 351 804 quse
362 743 425 784 uon
433 723 495 784 rult
503 722 670 799 Dominus,
683 728 863 806 promiserat
871 744 987 811 amen,

115 814 260 887 Occurrit
272 817 374 899 primo
388 836 490 878 carum
503 817 564 877 sibi
574 830 698 896 pectore
710 818 827 909 pignus.
899 824 902 831 '

114 909 203 973 Nulli
215 912 332 992 sperati
341 909 448 971 cecidit
459 910 539 989 quud
548 922 629 969 sorte
640 925 782 991 repente,

114 1003 303 1066 Promissum
315 1017 348 1064 ut
356 1016 447 1063 staret
460 1046 470 1076 ,
483 1002 572 1063 solvit
584 1002 634 1083 pia
645 1005 711 1084 jura
722 1001 874 1084 parentis,

114 1096 234 1159 Peccati
246 1110 348 1158 votum
361 1095 491 1157 violenta
503 1094 604 1156 mente
615 1098 754 1176 coperuit

112 1189 259 1252 immanis
268 1189 379 1263 timor,
394 1189 505 1249 orbatae
516 1187 622 1248 solatia
632 1188 700 1251 vitae

114 1281 176 1345 Pro
188 1282 301 1345 scelere
313 1281 443 1343 obtinuit
455 1280 586 1355 samam,
602 1300 660 1361 pro
672 1281 809 1343 crimine·
817 1280 948 1347 lauden.

112 1374 243 1439 Necnon
257 1374 412 1436 Samsouis
427 1393 518 1453 super
530 1374 634 1433 omnia
645 1393 776 1455 corpora
788 1375 887 1454 vires,

113 1467 244 1551 Spiritus
255 1469 313 1529 hoc
324 1467 438 1526 donum
450 1465 559 1545 capiti,
573 1484 712 1528 concessa
723 1479 873 1548 potestas,

112 1558 175 1621 Pro
188 1558 303 1641 populo
313 1558 394 1619 solus
404 1557 487 1617 nullo
500 1577 664 1634 mucrone,
679 1579 736 1621 nec
747 1561 865 1638 armis,

89 1651 167 1714 ¹'Os'
174 1651 305 1712 retinens
316 1649 391 1709 asini
406 1650 564 1729 prostravit
576 1669 706 1730 corpora
720 1649 814 1712 mille.

111 1743 243 1806 Vincula
254 1740 336 1802 nulla
346 1742 443 1802 virum
456 1742 589 1802 vinctum
606 1755 731 1823 potuere
743 1742 863 1817 teneros
955 1766 958 1771 ·

111 1835 222 1898 Gloria
234 1835 286 1895 sed
298 1834 577 1915 postquam'captiri
592 1847 673 1894 mota
687 1835 829 1911 recessit,

112 1926 257 2001 Occidit,
271 1939 358 2006 atque
367 1926 466 1987 hostes
477 1927 569 1988 rictus
582 1947 634 1988 sua
647 1941 745 1988 morte
758 1927 902 1991 redemit·

154 2018 303 2081 Miriiicus
315 2016 454 2090 samuch
470 2019 517 2080 cui
535 2039 617 2101 reges
629 2039 740 2102 ungere
752 2020 887 2100 primum

112 2112 315 2193 Praeceptum,
324 2112 394 2172 dare
407 2108 562 2186 Chrisma,
575 2113 654 2172 viros
662 2112 819 2173 ostendere
829 2111 984 2185 Christost

110 2205 235 2267 Talibus
248 2205 279 2264 in
292 2204 359 2264 vitre
370 2203 468 2285 spatio
481 2201 636 2263 laudabilis
650 2204 727 2286 egit,

115 2299 157 2359 Ut
171 2317 288 2376 quoque
302 2307 371 2376 post
386 2294 520 2372 requiem
534 2292 716 2375 Prophetica
729 2297 794 2377 jura
806 2298 934 2357 teuent

111 2388 360 2470 Psalmograplros
372 2384 626 2469 Darid,-maguus
642 2407 708 2460 rex,
723 2399 812 2466 atque
824 2377 989 2470 Propheta,

112 2482 270 2543 Passurum
285 2477 597 2549 Christuur'suhmissa
609 2477 682 2539 r'uce
697 2480 821 2540 canebat
835 2500 845 2552 ς
982 2496 987 2505 ·

112 2573 227 2655 Sponte
241 2570 321 2648 quod
334 2572 463 2652 ingratus
474 2570 604 2652 populus
613 2570 679 2631 sine
690 2569 755 2653 lege
776 2571 893 2655 peregit
905 2594 915 2645 ς

112 2665 172 2731 Cui
184 2664 268 2724 Deus
276 2684 311 2723 ex
322 2676 406 2722 utero
418 2663 547 2725 fructum
557 2662 736 2744 promiserat
748 2662 841 2740 olim,

111 2756 246 2829 Prolem,
254 2753 375 2815 sublimi
386 2754 463 2814 solio
475 2775 529 2815 suu
543 2775 657 2836 ponere
670 2762 811 2816 sancum.

110 2849 186 2912 Fixa
197 2849 270 2906 fides
281 2844 408 2906 Domini
421 2869 486 2926 quse
497 2847 679 2927 ¹sponderat,
694 2847 797 2908 omnia
809 2844 890 2910 lecit.
915 2854 919 2859 '

110 2940 257 3006 AErnulus
269 2936 432 3014 Ezechias,
443 2938 551 3020 populi
564 2950 717 3000 corrector
728 2938 853 3017 inertis,

109 3033 226 3098 Ablatis
238 3032 334 3117 legem
345 3030 397 3112 qui
410 3028 729 3116 restauravit-iniquis,
