2018 3714
13 322 43 366 v.
57 325 128 389 797.
220 314 459 372 statumen
476 318 560 372 utst.
578 317 641 372 trs.
659 320 692 371 11.
837 308 898 369 225
971 390 976 397 ι

18 407 77 469 llle
88 407 159 491 jacit
170 408 298 490 proprio
310 410 453 471 mandans
463 411 543 472 bona
556 412 671 472 semina
685 410 747 471 ruri
759 435 766 470 ε

19 501 82 562 Sed
93 515 163 583 post
175 503 340 584 subrepens
351 503 509 565 hominum
523 504 690 564 insidiando
704 504 807 585 sopori

18 593 102 656 'l'rux
112 595 254 658 iuimicus
265 595 343 671 adit,
358 595 523 676 loliumque
537 598 680 679 inspergit
692 617 836 658 amarum.

18 687 101 751 Ecce
120 690 172 750 sed
183 690 220 752 ad
233 689 362 751 fructum
375 690 481 751 culmis
494 711 562 751 cum
576 691 691 771 spiceus
702 690 813 752 horror

20 779 186 859 Processit,
199 781 273 842 lolio
288 783 391 842 messis
406 783 551 844 maculata
563 785 715 845 redundat.

17 871 98 934 Tum
111 872 251 937 Domino
264 874 387 950 famuli,
401 877 542 937 mirantes
553 865 640 951 talia,
662 877 761 937 fantur
776 899 785 936 τ

17 965 129 1029 Nonne
142 968 258 1033 bonum
271 979 358 1028 terrae
369 987 472 1029 semen
485 989 541 1048 per
553 979 634 1050 terga
646 969 775 1030 dedisti?

18 1059 110 1123 Unde
121 1060 213 1144 igitur
227 1061 301 1120 lolio
314 1062 395 1143 turpi
410 1072 462 1122 tua
473 1080 544 1121 rura
552 1063 732 1142 gravantur?

19 1152 80 1216 Sed
96 1156 176 1235 jam,
188 1154 215 1214 si·
229 1154 352 1236 jubeas,
373 1173 501 1214 messem
513 1154 705 1235 purgabimus
717 1172 840 1215 omnem
852 1197 864 1230 ,

17 1243 225 1326 Triticumque
238 1247 338 1321 nitor,
352 1245 460 1308 selecta
473 1246 582 1320 sorde,
597 1246 720 1307 resistet.

14 1338 96 1401 Tum
109 1337 265 1400 Dominus
276 1338 344 1398 miti
355 1351 460 1401 contra
472 1357 611 1400 sermone
627 1339 780 1418 profatur:

13 1433 77 1495 Hic
91 1432 179 1493 dolus
192 1443 253 1508 est,
270 1431 412 1507 inimice,
426 1444 512 1506 tuus,
524 1432 576 1492 sed
589 1431 668 1492 sarra
680 1431 814 1491 sinamus
846 1463 850 1469 ·

12 1524 163 1587 Crescere
176 1545 245 1588 cum
258 1523 332 1584 lolio
347 1549 354 1585 :
366 1524 461 1604 pleno
474 1544 545 1584 nam
563 1536 700 1605 tempore
718 1523 828 1586 messis

13 1616 173 1678 Secretum
187 1616 293 1678 lolium
305 1637 438 1678 connexo
453 1617 530 1680 fasce
543 1617 654 1698 jubebo

11 1707 137 1790 Ignibus
150 1709 230 1771 exuri
243 1732 250 1768 :
262 1721 292 1770 at
304 1722 408 1770 nostro
423 1712 459 1772 de
472 1711 586 1772 semine
597 1729 716 1774 messor·
796 1774 804 1789 ,

10 1799 137 1861 Horrea
155 1814 257 1862 nostra
270 1802 378 1881 dehine
390 1815 513 1886 purgata
526 1803 609 1885 fruge
622 1803 763 1884 replebit.

52 1891 149 1953 Haud
161 1893 248 1958 aliter
258 1894 356 1955 simile
371 1908 431 1972 est,
445 1895 545 1958 cordis
558 1896 582 1955 si
595 1895 726 1975 panditis
738 1912 844 1970 aures,

8 1983 166 2066 Praeparvi
179 2007 271 2070 grano
286 1978 411 2070 regnum
424 1987 541 2050 coeleste
553 1987 682 2067 sinapis,
879 1994 882 1999 '

13 2078 110 2156 Quod
123 2081 250 2161 proprio
262 2081 414 2141 insinuans
427 2079 559 2160 disponit
570 2080 667 2140 cultor
679 2077 785 2160 agello.

14 2167 247 2251 seminibusque
261 2173 335 2235 illud
347 2174 446 2233 minus
458 2171 599 2233 omnibus
613 2191 675 2232 esse
687 2171 840 2231 virentum

12 2262 179 2325 Creditur:
199 2277 228 2325 at
238 2267 307 2347 justi
318 2286 388 2328 mox
400 2266 586 2328 incrementa
597 2263 705 2325 viroris

10 2354 203 2438 sumpserit,
223 2371 323 2420 erecto
336 2358 517 2420 transcendit
528 2356 638 2418 vertice
650 2367 768 2418 cunctas
871 2396 874 2405 ·

10 2450 163 2533 Agrorum
176 2451 290 2534 fruges,
310 2452 401 2512 ramis
412 2463 444 2513 ut
458 2451 582 2532 plumea·
591 2449 678 2509 turba

12 2540 157 2604 Colludat
168 2545 340 2625 ,possitque
353 2544 474 2603 umbras
486 2543 619 2622 habitare
632 2542 770 2602 virentes.

53 2634 221 2698 Fermento
231 2656 287 2717 par
300 2650 342 2698 est
355 2657 461 2699 munus
476 2636 592 2698 coeleste
603 2635 732 2710 salubri,

10 2725 107 2808 Quod
119 2748 226 2812 magna
239 2730 340 2791 condit
352 2729 461 2790 mulier
473 2730 527 2790 sub
541 2727 623 2787 mole
635 2726 747 2786 farinae.

9 2820 67 2883 llla
79 2822 188 2884 debinc
200 2822 321 2885 modico
334 2822 473 2883 fermenti
486 2823 577 2881 mixta
590 2818 689 2878 calore
758 2896 764 2913 ἡ

11 2910 189 2993 conducto,
201 2915 289 2976 unius
303 2914 441 2976 coalescit
453 2932 580 2994 corpore
594 2929 707 2970 massae.

10 3004 100 3073 Tatta
109 3019 175 3068 tum
187 3007 303 3089 populo
317 3006 465 3088 perplexis
480 3003 600 3066 condita
613 3001 713 3063 verbis

10 3096 193 3180 Premebat,
204 3099 312 3165 veteris
324 3119 383 3187 quo
397 3109 519 3186 possent
528 3096 610 3162 dicta
621 3093 786 3186 Prophetae
