2046 3712
87 270 147 343 25ss
390 276 425 329 (¹.
441 278 474 327 V.
490 280 524 331 Δ.
539 270 698 333 tutemet
842 286 864 329 tt
918 346 923 356 Ι

83 372 241 437 Damonis
251 370 396 431 horrendi
407 371 516 445 sociis,
538 370 661 451 ipsique
673 370 801 452 pararit.
872 428 879 455 ·.

84 468 226 546 Namque
239 466 321 524 sitim
335 484 421 545 passo
433 464 588 544 quondam
601 464 681 525 mibi
693 464 805 546 pocula
814 462 893 543 nb,
912 460 919 495 ·’
967 514 968 521 ,

83 564 152 624 Nec
163 560 292 620 lamisio
305 578 394 639 poena
405 558 492 638 parvi
503 557 703 619 miseramina
715 560 824 641 panis,
879 602 882 607 -

83 657 144 717 Ant
158 653 315 735 peregriua
326 651 402 711 mibi
413 652 502 723 tecti,
514 651 642 730 vestisse
654 672 825 735 parumper
912 682 918 698 ·

83 748 232 831 Tegmina
242 746 407 827 demagnis
415 744 521 826 gracili
531 764 590 826 pro
600 758 691 827 parte
704 746 859 811 dabantur.
914 738 931 795 ²³

86 838 226 903 Carceris
238 850 288 900 aut
299 849 386 917 septo
398 836 553 913 claustris,
567 838 726 902 morbisve
738 840 849 923 jacenti
923 871 928 879 ·

83 936 231 1014 Unquam
243 930 359 991 risendi
373 930 479 991 solatia
490 943 588 992 restra
600 928 735 995 suerunt.
816 972 819 977 -
912 968 915 977 =
936 922 947 967 '²

85 1029 147 1091 llis
158 1028 298 1087 damnata
311 1022 421 1085 dehinc
432 1024 596 1104 respondet
607 1024 701 1087 factio
714 1026 839 1087 verbius
879 1061 885 1071 ·
938 1034 951 1069 ‘-

86 1122 181 1184 llaud
193 1118 335 1197 equidem
348 1128 486 1176 nostrum
499 1118 641 1177 meminit
652 1130 683 1179 te
697 1117 800 1181 visere
812 1108 960 1201 quiqu-l

84 1212 241 1284 tussa,
260 1222 310 1270 aa
321 1230 405 1269 ω
418 1209 506 1269 omn
518 1230 630 1292 agrum
644 1211 763 1295 agrum
771 1212 917 1291 utun,
934 1192 960 1293 l·

85 1306 218 1386 Hospita
232 1304 280 1363 vel
292 1303 376 1364 sessis
390 1322 490 1363 errare
502 1323 560 1383 per
569 1302 688 1384 oppida
699 1304 815 1381 rebus,
935 1342 938 1347 ·

86 1398 227 1461 Carceris
238 1408 289 1457 aut
301 1415 434 1455 mersum
448 1395 563 1475 poenis,
574 1396 731 1459 morbove
741 1410 908 1483 gravatum,

85 1492 132 1553 Ut
146 1491 201 1551 tibi
213 1488 344 1551 sollicito
357 1488 442 1548 ficret
453 1486 607 1548 miseratio
619 1490 709 1569 justa.
940 1478 945 1487 ’

88 1586 148 1647 llis
158 1604 262 1645 rerum
275 1583 355 1644 dicet
367 1581 527 1641 dominost
542 1578 625 1641 Cum
635 1594 737 1643 restra
750 1584 881 1665 superbo

86 1678 225 1762 Augustis
236 1676 326 1737 rebus
337 1674 438 1735 [eritas
450 1673 609 1735 subcorde
620 1674 778 1751 tumebat,
861 1712 887 1755 ¹-
943 1666 954 1725 l

87 1771 279 1849 Caleavitque
289 1766 418 1827 humiles
430 1765 593 1841 minimos,
611 1788 663 1827 me
677 1768 795 1848 sprevit
806 1768 840 1829 in
851 1768 911 1831 dlis.

89 1866 165 1927 ttaee
178 1864 230 1924 ubi
243 1863 322 1923 dicta
332 1861 433 1935 dabit,
449 1861 564 1920 meritis
576 1881 627 1920 sua
641 1862 771 1941 praemia
784 1862 894 1923 reddet.

87 1959 252 2019 fflternum
267 1956 368 2015 miseri
383 1974 470 2034 poena
483 1955 634 2015 fodientur
646 1955 762 2033 iniqui,

87 2052 310 2130 ffiternumque
323 2049 400 2108 salus
415 2048 497 2128 justis
509 2068 647 2109 concessa
661 2050 805 2109 manebit.

129 2146 215 2206 Talia
227 2146 297 2202 dum
311 2142 462 2219 loquitur,
476 2142 580 2201 scissos
589 2141 716 2203 lacerata
729 2143 855 2222 capillos

87 2239 146 2299 Pro
164 2239 261 2298 fratris
273 2236 382 2295 morbo
394 2235 478 2315 justis
491 2254 578 2293 soror
591 2235 675 2293 anxia
689 2236 769 2295 curis

88 2333 234 2391 Hortatur
250 2333 389 2409 juvenem
402 2327 507 2406 rapido
522 2347 704 2407 praecurrere
717 2348 832 2410 gressu,

88 2423 214 2486 Casibus
227 2436 259 2482 ut
272 2422 361 2481 tantis
376 2418 513 2481 Christus
524 2434 654 2481 servaret
666 2422 808 2481 amicum.

86 2518 167 2577 Nam
181 2517 276 2575 suerat
288 2513 397 2573 mulier
409 2513 525 2571 meritis
538 2527 659 2593 accepta
670 2514 825 2595 benignis,

87 2608 244 2688 Obsequio
257 2609 339 2687 cujus
352 2605 554 2684 fratremque,
569 2608 753 2684 domumque
765 2618 921 2666 merentem

85 2703 269 2782 Amplexus,
283 2700 374 2781 pleno
390 2697 528 2760 Christus
542 2699 688 2759 retinebat
702 2720 815 2759 amore.

84 2796 216 2855 Nuntius
230 2793 390 2853 adveniens
404 2792 535 2873 perfert,
551 2806 680 2851 extrema
694 2793 791 2871 jacere

84 2888 238 2949 Dilectum
255 2885 375 2947 Christo
385 2886 523 2964 juvenem
539 2906 595 2964 per
607 2885 701 2944 tristia
716 2885 834 2957 morbi,

84 2979 124 3039 Et
136 2980 224 3053 lethi,
242 2992 270 3038 et
282 2978 348 3037 vitae
360 2977 488 3038 confinia
501 2998 618 3038 summa
631 2990 792 3039 tenentem.

84 3069 210 3134 Lazarus
223 3072 272 3135 liic
283 3071 385 3132 habuit
396 3092 526 3147 nomen,
540 3073 593 3131 sed
609 3069 746 3134 Christus
757 3070 863 3132 amaris
