2018 3714
244 266 517 353 CLAUDII
545 266 776 353 MARII'

329 597 685 703 VICTORIS

82 938 146 1009 Ab
172 936 436 1010 summunt
460 938 691 1012 ABBATEM
715 938 922 1015 Evlstott

162 1251 212 1301 ot
227 1249 422 1302 offirmas
439 1250 522 1304 stffi
539 1252 681 1305 AE'rnrls
696 1252 874 1307 MORIBUS.

75 1562 118 1644 St
128 1581 259 1642 Domini
270 1579 419 1660 templum
431 1579 555 1661 supplex
566 1592 669 1640 orator
681 1580 792 1656 adisti,

76 1675 146 1736 lmo
160 1687 188 1734 et
202 1675 355 1735 custodem
368 1672 491 1753 temp11‚
505 1672 670 1753 populique
684 1674 881 1755 magistrum,

78 1768 165 1845 Quot
178 1781 208 1826 tu
219 1767 305 1826 isthic
317 1766 474 1837 homines,
489 1778 533 1825 tot
551 1764 664 1827 Christi
677 1765 785 1827 altaria
799 1764 912 1828 cernis:

78 1861 140 1922 sed
151 1861 175 1919 si
187 1859 301 1921 collutis
313 1862 390 1939 juvat
405 1858 557 1941 indulgere
570 1857 716 1937 loquelis,

79 1954 141 2015 llic
154 1955 264 2013 habitat
279 1966 344 2012 tuus
357 1953 407 2011 ille
421 1954 547 2031 hospes,
567 1973 632 2010 mea
646 1952 761 2012 viscera
773 1950 914 2011 Thesbou

80 2047 139 2108 Cui
154 2050 276 2106 fratrum
291 2049 325 2104 art
341 2048 473 2123 requiem
488 2046 636 2103 lruurlosae
648 2045 715 2103 vitis
730 2045 761 2103 iu
776 2058 865 2104 autro

82 2141 220 2200 Herbirla
233 2140 393 2219 cespitibus
405 2152 471 2196 sunt
485 2151 593 2198 structa
605 2136 710 2196 sedilia
721 2139 805 2198 vivis.

81 2235 143 2296 Dic
158 2237 244 2318 igitur
259 2233 400 2306 salmon,
414 2255 478 2311 quae
492 2254 592 2291 rerum
603 2252 682 2291 nunc
694 2231 747 2290 tibi
758 2253 825 2291 sors
836 2232 899 2291 est?

85 2330 163 2406 Quis
176 2329 276 2409 patriae
287 2340 375 2386 status
389 2330 452 2386 est?
465 2327 536 2403 quid
548 2338 576 2384 te
590 2325 715 2384 delectat
728 2325 760 2384 in
775 2324 830 2383 illa
844 2326 858 2384 ?

85 2422 226 2500 Namque
234 2423 326 2501 agris,
337 2420 503 2498 opibusque
511 2419 685 2490 bominum,
697 2430 843 2496 terraeque
854 2415 922 2479 color

6 2574 9 2578 ,
86 2516 179 2576 Nunc
194 2516 325 2593 primum
340 2512 435 2570 illaesw
448 2511 564 2570 turbato
579 2510 688 2568 loedere
700 2509 767 2568 vitae

87 2609 239 2670 Barbarus
254 2606 398 2666 incumbit
414 2631 419 2663 :
434 2626 490 2663 nec
507 2603 600 2685 longae
612 2604 650 2661 ad
662 2602 759 2663 secula
772 2603 859 2678 vitae,

91 2701 276 2763 Constructae
291 2709 414 2778 prosunt
427 2696 523 2755 solido
535 2697 571 2755 de
584 2715 734 2754 marmure
748 2694 848 2769 villae,

89 2796 320 2872 Absumptaeque
334 2811 438 2849 omnes
451 2810 526 2848 vana
539 2790 569 2849 in
585 2789 739 2869 proscenia
753 2809 854 2868 rupes.

89 2889 131 2949 At
144 2907 214 2947 vero
228 2886 352 2944 interior
364 2884 469 2964 pestis,
485 2884 656 2961 bellumque
670 2883 863 2963 profundum

92 2980 180 3042 Olim
192 2999 245 3038 nos
257 2980 346 3038 densa
360 2977 487 3036 telorum
504 2978 582 3036 nube
596 2977 693 3058 fatigat
708 3000 715 3035 :

94 3073 206 3137 Saevior
218 3084 247 3133 et
260 3084 361 3148 tanto,
377 3084 486 3149 quanto
502 3083 544 3131 est
559 3068 704 3132 occultior
715 3068 809 3129 bostis
823 3093 831 3127 ι
