2018 3714
21 310 49 353 v.
69 283 146 371 375.
205 295 391 349 couneus.
408 294 447 348 m
466 296 621 351 ouunsut
637 298 701 353 nn
718 303 738 353 t.
849 292 907 352 113

22 390 150 453 Divinis
162 387 251 471 vigeri
261 387 389 462 animis,
403 386 514 449 nullius
527 391 630 473 egeni,
720 458 726 475 ,

25 482 109 546 Cum
124 501 217 563 penes
227 481 281 540 bos
294 492 369 540 esset
379 481 483 540 mundi
494 483 672 559 substantia,
686 497 715 545 et
727 505 833 548 omnes

22 574 113 655 Quos
128 575 216 634 dabat
225 573 307 633 orbis
321 593 394 653 opes
407 597 414 633 ι
427 594 483 634 nec
495 595 635 654 prorsum
650 578 777 639 obnoxia
790 581 906 643 morbis

24 667 169 750 Corpora
182 666 353 749 gestabant,
365 686 428 726 non
443 667 499 726 bos
512 670 636 750 cogebat
649 672 784 735 adesum

22 761 130 823 Pausae
142 762 243 843 ignara
255 759 349 819 fames
363 782 370 818 z
386 759 475 838 quisi
487 763 626 822 mandata
638 767 772 845 supremi

20 855 200 918 Servnssent
210 855 323 936 integro
336 852 419 929 Dei,
434 856 567 916 crudelia
578 858 684 918 mortis

18 950 158 1033 Imperio
171 961 199 1008 et
211 948 292 1007 diros
305 947 465 1009 nescissent
477 951 715 1027 usque'dolores.

23 1042 162 1107 Callidus
175 1054 204 1101 at
216 1061 339 1121 serpens
354 1039 481 1100 Domini
495 1042 680 1124 perfringere
693 1044 809 1126 legem,

23 1135 155 1198 Talibus
172 1136 321 1197 incautam
335 1134 479 1214 persuasit
493 1135 645 1194 fraudibus
659 1133 755 1197 Evam
769 1162 777 1197 :
830 1200 833 1207 ,

21 1228 55 1291 0
68 1231 140 1290 vitoe
153 1227 286 1288 melioris
298 1230 404 1306 inops,
420 1246 580 1306 rerumque
592 1229 740 1289 bonarum

20 1320 112 1385 Gens
118 1320 489 1404 ignorabominumzneque
495 1320 905 1404 enimbouanosseputsndns

24 1414 94 1495 Qui
108 1433 201 1495 prava
213 1413 370 1496 ignorans,
384 1413 474 1472 etiam
488 1413 667 1496 distinguere
678 1419 773 1478 nescit

22 1507 100 1586 Quo
111 1508 229 1568 diverso
238 1506 327 1567 bonis
341 1507 419 1566 inter
431 1527 462 1566 se
479 1506 574 1567 limite
588 1509 705 1570 distent.
726 1529 732 1542 ·

24 1600 125 1680 Atque
138 1601 207 1661 ideo
219 1613 355 1681 augustos
367 1600 484 1661 homini
495 1601 540 1661 sas
552 1621 675 1683 carpere
690 1604 800 1666 smctus

24 1692 136 1753 Noluit
149 1714 210 1754 esse
224 1692 308 1753 Deus
322 1716 329 1752 :
343 1714 380 1752 ne
392 1695 501 1754 mentis
512 1696 591 1755 nube
605 1708 722 1757 remota

21 1787 192 1847 immittant
206 1788 236 1846 in
249 1786 357 1846 coelum
371 1787 489 1863 oculos,
505 1800 592 1867 atque
604 1789 720 1869 optima
730 1801 874 1864 noscant,

23 1879 152 1961 Siutqne
164 1883 226 1941 deis
239 1879 359 1941 similes.
377 1880 438 1943 Hic
450 1903 530 1944 nunc
544 1902 698 1944 excurrere
710 1883 832 1963 paulum

23 1976 84 2037 Fas
97 1988 179 2049 suat,
194 1987 223 2036 et
235 1988 336 2054 turpes
350 1988 484 2035 veterum
497 1973 607 2035 deflere
621 1976 729 2035 ruinas.

62 2069 115 2129 Ab
126 2069 255 2129 nimium
268 2069 370 2129 miseri
381 2067 524 2150 gentiles,
539 2088 614 2145 quos
627 2067 711 2127 furor
722 2068 782 2150 egit

22 2162 59 2223 ln
73 2163 173 2225 varios
185 2162 257 2221 ritus
269 2162 448 2243 cognomina
458 2159 551 2220 multa
562 2158 703 2221 Deorum

21 2255 175 2339 Fingere,
190 2254 395 2334 pluralemque
409 2254 479 2314 Deo
492 2274 598 2316 vocem
612 2255 722 2316 addere
734 2256 802 2318 soli.

25 2348 184 2431 Serpentis
196 2349 325 2428 primam
338 2348 414 2408 banc
427 2349 527 2409 sonuit
540 2368 596 2410 vox
609 2349 704 2429 impia
716 2350 792 2424 diri,

28 2442 91 2521 Qui
104 2442 213 2503 mortis
224 2455 287 2502 tum
300 2462 386 2503 causa
399 2442 473 2517 fuit,
486 2463 558 2503 nam
572 2442 692 2503 credulo
703 2456 861 2523 postquam

26 2536 122 2617 Rupit
136 2535 284 2617 sacrilegis
295 2535 502 2615 praescriptum
517 2537 667 2598 morsibus
679 2533 760 2611 Eva,

24 2630 151 2711 Experti
164 2632 224 2713 jam
235 2630 320 2690 docta
333 2628 423 2702 mali,
440 2630 590 2690 consortia
603 2630 699 2708 culpae

25 2723 165 2804 Quaerit,
180 2735 209 2783 et
221 2723 373 2784 incautum
386 2722 497 2782 fraudis
510 2723 588 2784 rurale
601 2741 691 2805 guara
709 2721 851 2781 maritum

27 2816 96 2898 Qua
110 2817 201 2898 periit
214 2817 299 2898 prior
312 2828 374 2877 arte
387 2816 479 2895 petit:
494 2816 536 2876 sic
549 2813 780 2875 hoste-subactus

26 2910 53 2971 A
65 2910 207 2995 gemino,
219 2911 297 2972 cedit
305 2907 411 2971 sceleri
422 2906 599 2967 miserabilis
613 2906 729 2979 Adam,

28 3003 185 3085 Pomaque
198 3006 327 3087 degustat
337 3001 414 3064 sacri
427 2999 600 3081 plenissima
612 2999 691 3060 succi
705 3020 712 3057 :

29 3095 90 3162 Sed
102 3099 175 3181 quio
187 3096 259 3181 legis
271 3098 304 3159 in
315 3096 361 3159 his
373 3094 514 3161 suberant
526 3092 699 3176 praescripto
710 3109 831 3167 severo,

739 3211 785 3253 uo.
