2046 3712
90 275 148 361 178
379 288 409 340 c.
425 290 457 342 r.
474 292 505 341 ιιι
522 286 681 343 tuunsct
844 300 866 341 r.

86 380 158 441 Jam
171 380 289 462 gravior
301 393 456 462 penetrat,
474 380 597 441 monuit
605 383 688 461 quod
700 382 825 465 spirilua-

86 472 167 535 Ecce
181 475 270 535 simul
281 494 406 555 parrum
417 475 533 558 gremio
546 476 702 558 genitricis
715 474 816 539 lesum

88 567 137 627 At
148 568 296 648 templum
309 569 400 629 sensit
412 569 548 643 venisse,
562 570 763 633 trementibus
774 570 847 633 ulnis

89 660 221 741 Accepit
229 682 356 742 puerum
366 706 375 736 ,
387 662 528 741 laetusque
540 662 605 724 haec
616 663 697 723 dicta
708 664 865 745 prelature
887 698 892 739 ρ

11 810 16 821 ,
90 753 203 829 Nunc,
217 777 297 816 nunc
306 754 764 819 melamulurnDominusnunc
773 756 873 821 liberet

93 845 241 929 Corporis
254 870 271 911 e
282 849 388 910 vinclis
397 849 592 927 ,finemque
583 870 746 929 imponere
759 852 895 915 verbis·

91 939 241 1023 Dignetur
254 962 321 1002 cum
333 961 406 1021 pace
418 942 486 1002 suis.
500 940 550 1001 En
563 941 723 1023 splendida
734 956 856 1007 nosnos
897 986 906 1003 ..

93 1031 158 1093 Lux
171 1033 273 1095 oculos
285 1047 335 1093 tua
346 1035 532 1109 circumstat,
555 1036 707 1115 radiisque
718 1014 906 1125 refulget,.'¹'³
903 1108 906 1114 Ι

96 1126 199 1204 Quam
211 1129 323 1189 cunctis
335 1128 493 1188 hominum
507 1127 637 1189 lustratis
646 1129 791 1210 gentibus
803 1122 906 1197 atter

96 1219 296 1280 lsraelitarum
311 1220 466 1282 cumulata
478 1220 572 1303 gloria
584 1221 694 1303 plebis.

98 1312 183 1393 Quid
196 1326 310 1373 tantum
322 1311 430 1373 Mariae
443 1326 619 1395 stupuerunt
633 1327 761 1396 pectora
771 1314 898 1379 muris?

99 1404 167 1468 llic
175 1425 250 1486 puer
263 1407 300 1465 'ad
314 1406 424 1487 populi
434 1426 534 1467 casnm
548 1406 728 1468 deterrime
740 1408 906 1524 renasci-g

100 1497 254 1560 Concedet
267 1499 409 1579 populis:
421 1499 520 1562 dicta
512 1520 543 1558 ιιι
557 1499 707 1560 contraria
719 1500 850 1585 signnm·
902 1528 906 1540 ¹

98 1590 188 1652 lstius
197 1591 348 1663 adveniet3
362 1604 519 1672 percurret
531 1592 726 1654 debitaletlro
735 1635 754 1669 ,.

99 1685 198 1763 Atque
213 1684 345 1744 animam
356 1686 459 1745 matris
471 1685 552 1746 ferro
566 1686 696 1767 fulgente
709 1686 881 1759 machont

65 1769 71 1775 ”
103 1775 176 1856 Quo
190 1790 309 1858 pateant
321 1778 390 1840 tecti
405 1779 564 1839 tenebrosa
574 1779 729 1839 volumina
741 1780 853 1841 cordis.

103 1869 179 1932 llaec
192 1871 232 1931 ait
244 1871 277 1930 in
293 1869 435 1932 Sirneone
450 1871 534 1934 Deus
549 1897 555 1932 ι
570 1893 640 1932 mox
651 1893 721 1934 ecce
735 1871 891 1955 Propheta

102 1963 281 2025 Femineam
296 1981 397 2028 sancto
413 1967 545 2046 complet
556 1966 721 2046 spiramine
736 1980 880 2028 mentem.

102 2058 191 2120 Anna
204 2060 258 2120 tuit
271 2074 340 2120 natu
350 2062 482 2143 gravior,
498 2081 587 2138 qnam
601 2061 632 2119 in
644 2059 720 2120 [lure
733 2064 871 2142 juvente

103 2153 247 2214 Destituit
259 2155 379 2213 viduam
394 2175 475 2214 mors
490 2154 648 2214 immatura
664 2154 774 2212 mariti.

106 2246 260 2309 Castased
271 2250 302 2307 in
317 2249 431 2329 templo
442 2269 564 2330 semper
576 2268 633 2327 pro
646 2249 771 2329 conjuge
784 2247 869 2323 rita,

106 2338 148 2399 Et
162 2341 254 2402 cultus
269 2363 381 2402 cessere
395 2342 456 2401 Dei
469 2364 476 2413 3
494 2365 558 2420 quae
571 2340 694 2400 numine
705 2341 786 2420 jussa

108 2432 258 2516 Cognovit
274 2435 446 2506 Christum,
459 2449 488 2495 et
501 2434 593 2495 simili
606 2453 746 2494 sermone
760 2432 863 2494 locuta
874 2440 906 2492 ea

106 2526 181 2587 Inde
195 2529 245 2586 uhi
259 2528 426 2589 solemnem
438 2529 524 2609 pueri
538 2526 730 2608 pronomine
748 2525 849 2608 legem

109 2616 282 2700 Complevit
294 2622 436 2701 genitrix,
450 2635 479 2681 et
490 2621 608 2701 Joseplt'
623 2620 875 2693 omnia-mirans,

109 2712 155 2771 At
171 2714 298 2792 patriam
310 2714 367 2772 laeti
382 2716 543 2794 repedant,
558 2733 744 2793 puerumque
757 2722 906 2792 reportant

150 2806 234 2866 Gens
248 2820 291 2867 est
304 2807 446 2880 ulterior,
462 2805 590 2888 surgenti
603 2805 722 2865 conscia
734 2803 813 2878 suli,

107 2897 267 2958 Astrornm
280 2899 373 2960 solers
386 2912 542 2978 ortusque,
556 2899 711 2977 obitusque
731 2909 850 2957 notare.

112 2989 368 3072 llujusprimores
382 3014 493 3054 nomen
507 3005 628 3051 tenuere
642 2988 818 3073 Magorum.

112 3082 195 3146 llinc
206 3085 275 3146 lecti
287 3106 428 3168 proceres
442 3084 583 3169 Solymos
596 3104 651 3165 per
664 3083 752 3166 longa
767 3083 887 3143 viarum
