<?xml version="1.0" encoding="UTF-8"?>
<!DOCTYPE html PUBLIC "-//W3C//DTD XHTML 1.0 Transitional//EN"
    "http://www.w3.org/TR/xhtml1/DTD/xhtml1-transitional.dtd">
<html xmlns="http://www.w3.org/1999/xhtml" xml:lang="en" lang="en">
 <head>
  <title>
</title>
<meta http-equiv="Content-Type" content="text/html;charset=utf-8" />
  <meta name='ocr-system' content='tesseract 3.04.00' />
  <meta name='ocr-capabilities' content='ocr_page ocr_carea ocr_par ocr_line ocrx_word'/>
</head>
<body>
  <div class='ocr_page' id='page_1' title='image "./qsflorentistert00tertgoog_0218.png"; bbox 0 0 2018 3714; ppageno 0'>
   <div class='ocr_carea' id='block_1_1' title="bbox 53 322 944 886">
    <p class='ocr_par' dir='ltr' id='par_1_1' title="bbox 53 322 944 790">
     <span class='ocr_line' id='line_1_1' title="bbox 53 322 944 412; baseline 0.007 -22"><span class='ocrx_word' id='word_1_1' title='bbox 53 352 79 390; x_wconf 76' lang='grc' dir='ltr'><strong>ι.</strong></span> <span class='ocrx_word' id='word_1_2' title='bbox 96 348 170 412; x_wconf 82' lang='lat'><strong>¹97·</strong></span> <span class='ocrx_word' id='word_1_3' title='bbox 272 326 513 396; x_wconf 70' lang='lat' dir='ltr'><strong>nunusuncm</strong></span> <span class='ocrx_word' id='word_1_4' title='bbox 529 330 617 394; x_wconf 81' lang='lat' dir='ltr'><strong>msr.</strong></span> <span class='ocrx_word' id='word_1_5' title='bbox 635 328 694 395; x_wconf 80' lang='lat' dir='ltr'><strong>uto.</strong></span> <span class='ocrx_word' id='word_1_6' title='bbox 711 328 746 394; x_wconf 58' lang='lat'><strong>11&gt;</strong></span> <span class='ocrx_word' id='word_1_7' title='bbox 884 322 944 386; x_wconf 78' lang='lat'><strong>²05</strong></span> 
     </span>
     <span class='ocr_line' id='line_1_2' title="bbox 53 421 844 518; baseline -0.001 -24"><span class='ocrx_word' id='word_1_8' title='bbox 53 432 193 516; x_wconf 82' lang='lat' dir='ltr'>Spiritus</span> <span class='ocrx_word' id='word_1_9' title='bbox 205 429 285 491; x_wconf 82' lang='lat' dir='ltr'><strong>haud</strong></span> <span class='ocrx_word' id='word_1_10' title='bbox 297 430 383 492; x_wconf 88' lang='lat' dir='ltr'><strong>aliter</strong></span> <span class='ocrx_word' id='word_1_11' title='bbox 396 432 526 495; x_wconf 84' lang='lat' dir='ltr'><strong>similem</strong></span> <span class='ocrx_word' id='word_1_12' title='bbox 540 446 661 518; x_wconf 83' lang='lat' dir='ltr'><strong>generat</strong></span> <span class='ocrx_word' id='word_1_13' title='bbox 672 433 729 494; x_wconf 81' lang='lat' dir='ltr'><strong>sibl</strong></span> <span class='ocrx_word' id='word_1_14' title='bbox 741 421 844 493; x_wconf 82' lang='lat' dir='ltr'><strong>ilatum</strong></span> 
     </span>
     <span class='ocr_line' id='line_1_3' title="bbox 53 521 846 611; baseline -0.003 -22"><span class='ocrx_word' id='word_1_15' title='bbox 53 523 195 608; x_wconf 77' lang='lat' dir='ltr'>Spiritus</span> <span class='ocrx_word' id='word_1_16' title='bbox 204 523 256 585; x_wconf 82' lang='lat' dir='ltr'><strong>hic</strong></span> <span class='ocrx_word' id='word_1_17' title='bbox 266 521 352 584; x_wconf 86' lang='lat' dir='ltr'><strong>Deus</strong></span> <span class='ocrx_word' id='word_1_18' title='bbox 364 537 406 585; x_wconf 88' lang='lat' dir='ltr'><strong>est</strong></span> <span class='ocrx_word' id='word_1_19' title='bbox 415 567 424 598; x_wconf 91' lang='lat'>‚</span> <span class='ocrx_word' id='word_1_20' title='bbox 432 526 487 611; x_wconf 30' lang='lat' dir='ltr'><strong>..eui</strong></span> <span class='ocrx_word' id='word_1_21' title='bbox 499 540 606 606; x_wconf 86' lang='lat' dir='ltr'><strong>parent</strong></span> <span class='ocrx_word' id='word_1_22' title='bbox 619 527 722 586; x_wconf 89' lang='lat' dir='ltr'><strong>omnia</strong></span> <span class='ocrx_word' id='word_1_23' title='bbox 733 526 846 587; x_wconf 89' lang='lat' dir='ltr'><strong>mundi.</strong></span> 
     </span>
     <span class='ocr_line' id='line_1_4' title="bbox 54 616 943 700; baseline -0.002 -18"><span class='ocrx_word' id='word_1_24' title='bbox 54 621 142 694; x_wconf 83' lang='lat' dir='ltr'><strong>Hic,</strong></span> <span class='ocrx_word' id='word_1_25' title='bbox 153 617 208 679; x_wconf 87' lang='lat' dir='ltr'><strong>ubi</strong></span> <span class='ocrx_word' id='word_1_26' title='bbox 222 616 300 692; x_wconf 76' lang='lat' dir='ltr'><strong>vult,</strong></span> <span class='ocrx_word' id='word_1_27' title='bbox 314 636 491 696; x_wconf 87' lang='lat' dir='ltr'><strong>quoeunque</strong></span> <span class='ocrx_word' id='word_1_28' title='bbox 501 619 597 693; x_wconf 85' lang='lat' dir='ltr'><strong>volat,</strong></span> <span class='ocrx_word' id='word_1_29' title='bbox 612 639 778 697; x_wconf 84' lang='lat' dir='ltr'><strong>vocemque</strong></span> <span class='ocrx_word' id='word_1_30' title='bbox 791 640 846 700; x_wconf 92' lang='lat' dir='ltr'><strong>per</strong></span> <span class='ocrx_word' id='word_1_31' title='bbox 859 637 943 681; x_wconf 77' lang='lat' dir='ltr'><strong>auras</strong></span> 
     </span>
     <span class='ocr_line' id='line_1_5' title="bbox 56 709 761 790; baseline 0 -17"><span class='ocrx_word' id='word_1_32' title='bbox 56 712 166 773; x_wconf 87' lang='lat' dir='ltr'><strong>Jactat</strong></span> <span class='ocrx_word' id='word_1_33' title='bbox 176 754 186 786; x_wconf 85' lang='lat'>,</span> <span class='ocrx_word' id='word_1_34' title='bbox 197 710 248 771; x_wconf 87' lang='lat' dir='ltr'><strong>sed</strong></span> <span class='ocrx_word' id='word_1_35' title='bbox 259 709 372 784; x_wconf 85' lang='lat' dir='ltr'><strong>nescis,</strong></span> <span class='ocrx_word' id='word_1_36' title='bbox 383 731 450 790; x_wconf 84' lang='lat' dir='ltr'><strong>qnae</strong></span> <span class='ocrx_word' id='word_1_37' title='bbox 460 711 519 771; x_wconf 86' lang='lat' dir='ltr'><strong>sint</strong></span> <span class='ocrx_word' id='word_1_38' title='bbox 529 713 648 771; x_wconf 79' lang='lat' dir='ltr'><strong>exordia</strong></span> <span class='ocrx_word' id='word_1_39' title='bbox 661 712 761 787; x_wconf 86' lang='lat' dir='ltr'><strong>vocis,</strong></span> 
     </span>
    </p>

    <p class='ocr_par' dir='ltr' id='par_1_2' title="bbox 60 798 845 886">
     <span class='ocr_line' id='line_1_6' title="bbox 60 798 845 886; baseline 0 -21"><span class='ocrx_word' id='word_1_40' title='bbox 60 802 228 886; x_wconf 85' lang='lat' dir='ltr'><strong>Quamque</strong></span> <span class='ocrx_word' id='word_1_41' title='bbox 234 814 339 885; x_wconf 86' lang='lat' dir='ltr'><strong>petant</strong></span> <span class='ocrx_word' id='word_1_42' title='bbox 349 798 412 884; x_wconf 74' lang='lat' dir='ltr'><strong>ejus</strong></span> <span class='ocrx_word' id='word_1_43' title='bbox 425 803 573 865; x_wconf 81' lang='lat' dir='ltr'><strong>currentia</strong></span> <span class='ocrx_word' id='word_1_44' title='bbox 585 802 707 865; x_wconf 84' lang='lat' dir='ltr'><strong>flamina</strong></span> <span class='ocrx_word' id='word_1_45' title='bbox 717 817 845 886; x_wconf 83' lang='lat' dir='ltr'><strong>partem.</strong></span> 
     </span>
    </p>
   </div>
   <div class='ocr_carea' id='block_1_2' title="bbox 60 895 932 3108">
    <p class='ocr_par' dir='ltr' id='par_1_3' title="bbox 60 895 902 1347">
     <span class='ocr_line' id='line_1_7' title="bbox 60 895 792 979; baseline 0 -20"><span class='ocrx_word' id='word_1_46' title='bbox 60 897 207 978; x_wconf 79' lang='lat' dir='ltr'><strong>Quisque</strong></span> <span class='ocrx_word' id='word_1_47' title='bbox 218 895 308 979; x_wconf 76' lang='lat' dir='ltr'><strong>igitur</strong></span> <span class='ocrx_word' id='word_1_48' title='bbox 319 896 401 976; x_wconf 75' lang='lat' dir='ltr'><strong>justae</strong></span> <span class='ocrx_word' id='word_1_49' title='bbox 414 896 522 977; x_wconf 83' lang='lat' dir='ltr'><strong>repetit</strong></span> <span class='ocrx_word' id='word_1_50' title='bbox 532 896 699 976; x_wconf 86' lang='lat' dir='ltr'><strong>primordia</strong></span> <span class='ocrx_word' id='word_1_51' title='bbox 710 898 792 973; x_wconf 79' lang='lat' dir='ltr'><strong>vitae,</strong></span> 
     </span>
     <span class='ocr_line' id='line_1_8' title="bbox 60 985 882 1071; baseline 0.001 -20"><span class='ocrx_word' id='word_1_52' title='bbox 60 989 160 1052; x_wconf 82' lang='lat' dir='ltr'><strong>Hune</strong></span> <span class='ocrx_word' id='word_1_53' title='bbox 169 987 301 1049; x_wconf 82' lang='lat' dir='ltr'><strong>similem</strong></span> <span class='ocrx_word' id='word_1_54' title='bbox 310 986 406 1048; x_wconf 85' lang='lat' dir='ltr'><strong>sancti</strong></span> <span class='ocrx_word' id='word_1_55' title='bbox 417 985 501 1048; x_wconf 84' lang='lat' dir='ltr'><strong>flatos</strong></span> <span class='ocrx_word' id='word_1_56' title='bbox 508 989 689 1071; x_wconf 80' lang='lat' dir='ltr'><strong>revigescere</strong></span> <span class='ocrx_word' id='word_1_57' title='bbox 701 1003 816 1051; x_wconf 89' lang='lat' dir='ltr'><strong>eertum</strong></span> <span class='ocrx_word' id='word_1_58' title='bbox 829 1000 882 1053; x_wconf 83' lang='lat' dir='ltr'><strong>est.</strong></span> 
     </span>
     <span class='ocr_line' id='line_1_9' title="bbox 64 1079 882 1164; baseline 0.002 -22"><span class='ocrx_word' id='word_1_59' title='bbox 64 1080 109 1142; x_wconf 85' lang='lat' dir='ltr'><strong>Et</strong></span> <span class='ocrx_word' id='word_1_60' title='bbox 118 1081 241 1142; x_wconf 73' lang='lat' dir='ltr'><strong>Jnsaens</strong></span> <span class='ocrx_word' id='word_1_61' title='bbox 252 1079 364 1158; x_wconf 71' lang='lat' dir='ltr'><strong>adirent</strong></span> <span class='ocrx_word' id='word_1_62' title='bbox 376 1104 383 1139; x_wconf 75' lang='lat' dir='ltr'><strong><em>z</em></strong></span> <span class='ocrx_word' id='word_1_63' title='bbox 398 1079 485 1139; x_wconf 88' lang='lat' dir='ltr'><strong>Nihil</strong></span> <span class='ocrx_word' id='word_1_64' title='bbox 496 1079 604 1139; x_wconf 91' lang='lat' dir='ltr'><strong>horum</strong></span> <span class='ocrx_word' id='word_1_65' title='bbox 615 1101 737 1142; x_wconf 89' lang='lat' dir='ltr'><strong>cer-nere</strong></span> <span class='ocrx_word' id='word_1_66' title='bbox 749 1104 882 1164; x_wconf 85' lang='lat' dir='ltr'><strong>possum.</strong></span> 
     </span>
     <span class='ocr_line' id='line_1_10' title="bbox 65 1168 902 1258; baseline 0.005 -25"><span class='ocrx_word' id='word_1_67' title='bbox 65 1172 158 1234; x_wconf 89' lang='lat' dir='ltr'><strong>Talia</strong></span> <span class='ocrx_word' id='word_1_68' title='bbox 170 1185 233 1235; x_wconf 88' lang='lat' dir='ltr'><strong>turn</strong></span> <span class='ocrx_word' id='word_1_69' title='bbox 240 1168 379 1234; x_wconf 79' lang='lat' dir='ltr'><strong>Christus</strong></span> <span class='ocrx_word' id='word_1_70' title='bbox 392 1194 401 1231; x_wconf 76' lang='lat' dir='ltr'><strong>a</strong></span> <span class='ocrx_word' id='word_1_71' title='bbox 416 1169 611 1255; x_wconf 86' lang='lat' dir='ltr'><strong>Solymomm</strong></span> <span class='ocrx_word' id='word_1_72' title='bbox 624 1192 731 1255; x_wconf 82' lang='lat' dir='ltr'><strong>magne</strong></span> <span class='ocrx_word' id='word_1_73' title='bbox 744 1176 902 1258; x_wconf 80' lang='lat' dir='ltr'><strong>magister,</strong></span> 
     </span>
     <span class='ocr_line' id='line_1_11' title="bbox 66 1264 652 1347; baseline -0.005 -20"><span class='ocrx_word' id='word_1_74' title='bbox 66 1264 270 1327; x_wconf 83' lang='lat' dir='ltr'><strong>lsrae&#39;litarnm</strong></span> <span class='ocrx_word' id='word_1_75' title='bbox 282 1264 419 1326; x_wconf 87' lang='lat' dir='ltr'><strong>sublimis</strong></span> <span class='ocrx_word' id='word_1_76' title='bbox 431 1264 526 1346; x_wconf 77' lang='lat' dir='ltr'><strong>gloria</strong></span> <span class='ocrx_word' id='word_1_77' title='bbox 537 1265 631 1347; x_wconf 82' lang='lat' dir='ltr'><strong>gentis</strong></span> <span class='ocrx_word' id='word_1_78' title='bbox 638 1282 652 1340; x_wconf 86' lang='grc'><strong>,·</strong></span> 
     </span>
    </p>

    <p class='ocr_par' dir='ltr' id='par_1_4' title="bbox 63 1356 816 1627">
     <span class='ocr_line' id='line_1_12' title="bbox 66 1356 790 1438; baseline -0.001 -17"><span class='ocrx_word' id='word_1_79' title='bbox 66 1357 159 1421; x_wconf 73' lang='lat' dir='ltr'><strong>&#39;rane</strong></span> <span class='ocrx_word' id='word_1_80' title='bbox 172 1358 263 1419; x_wconf 85' lang='lat' dir='ltr'><strong>etiarn</strong></span> <span class='ocrx_word' id='word_1_81' title='bbox 276 1369 409 1420; x_wconf 88' lang='lat' dir='ltr'><strong>mentem</strong></span> <span class='ocrx_word' id='word_1_82' title='bbox 420 1358 487 1418; x_wconf 77' lang='lat' dir='ltr'><strong>vitae</strong></span> <span class='ocrx_word' id='word_1_83' title='bbox 501 1357 537 1416; x_wconf 91' lang='lat' dir='ltr'><strong>de</strong></span> <span class='ocrx_word' id='word_1_84' title='bbox 549 1356 661 1417; x_wconf 89' lang='lat' dir='ltr'><strong>lumine</strong></span> <span class='ocrx_word' id='word_1_85' title='bbox 673 1371 790 1438; x_wconf 82' lang='lat' dir='ltr'><strong>raptam</strong></span> 
     </span>
     <span class='ocr_line' id='line_1_13' title="bbox 63 1449 816 1534; baseline -0.001 -20"><span class='ocrx_word' id='word_1_86' title='bbox 63 1450 229 1534; x_wconf 78' lang='lat' dir='ltr'><strong>Demergis</strong></span> <span class='ocrx_word' id='word_1_87' title='bbox 240 1471 376 1532; x_wconf 81' lang='lat' dir='ltr'><strong>praeceps</strong></span> <span class='ocrx_word' id='word_1_88' title='bbox 387 1449 478 1510; x_wconf 82' lang='lat' dir='ltr'><strong>furvis</strong></span> <span class='ocrx_word' id='word_1_89' title='bbox 490 1450 658 1510; x_wconf 79' lang='lat' dir='ltr'><strong>miserande</strong></span> <span class='ocrx_word' id='word_1_90' title='bbox 669 1452 816 1528; x_wconf 87' lang='lat' dir='ltr'><strong>tenebris,</strong></span> 
     </span>
     <span class='ocr_line' id='line_1_14' title="bbox 65 1543 793 1627; baseline 0.001 -20"><span class='ocrx_word' id='word_1_91' title='bbox 65 1546 140 1609; x_wconf 85' lang='lat' dir='ltr'><strong>Nec</strong></span> <span class='ocrx_word' id='word_1_92' title='bbox 151 1558 241 1627; x_wconf 81' lang='lat' dir='ltr'><strong>potes</strong></span> <span class='ocrx_word' id='word_1_93' title='bbox 247 1544 359 1605; x_wconf 75' lang='lat' dir='ltr'><strong>obtuso</strong></span> <span class='ocrx_word' id='word_1_94' title='bbox 367 1545 588 1625; x_wconf 81' lang='lat' dir='ltr'><strong>comprendere</strong></span> <span class='ocrx_word' id='word_1_95' title='bbox 604 1543 673 1603; x_wconf 85' lang='lat' dir='ltr'><strong>talia</strong></span> <span class='ocrx_word' id='word_1_96' title='bbox 685 1547 793 1609; x_wconf 85' lang='lat' dir='ltr'><strong>sensu?</strong></span> 
     </span>
    </p>

    <p class='ocr_par' dir='ltr' id='par_1_5' title="bbox 63 1636 932 2181">
     <span class='ocr_line' id='line_1_15' title="bbox 70 1636 781 1710; baseline 0 -11"><span class='ocrx_word' id='word_1_97' title='bbox 70 1636 157 1699; x_wconf 85' lang='lat' dir='ltr'><strong>Eece</strong></span> <span class='ocrx_word' id='word_1_98' title='bbox 167 1637 241 1698; x_wconf 86' lang='lat' dir='ltr'><strong>tides</strong></span> <span class='ocrx_word' id='word_1_99' title='bbox 252 1636 334 1697; x_wconf 85' lang='lat' dir='ltr'><strong>nulla</strong></span> <span class='ocrx_word' id='word_1_100' title='bbox 347 1649 408 1710; x_wconf 82' lang='lat' dir='ltr'><strong>est,</strong></span> <span class='ocrx_word' id='word_1_101' title='bbox 423 1648 539 1696; x_wconf 80' lang='lat' dir='ltr'><strong>tantum</strong></span> <span class='ocrx_word' id='word_1_102' title='bbox 552 1637 700 1698; x_wconf 78' lang='lat' dir='ltr'><strong>terrestria</strong></span> <span class='ocrx_word' id='word_1_103' title='bbox 712 1638 781 1699; x_wconf 88' lang='lat' dir='ltr'><strong>dixi.</strong></span> 
     </span>
     <span class='ocr_line' id='line_1_16' title="bbox 64 1720 855 1810; baseline 0.001 -19"><span class='ocrx_word' id='word_1_104' title='bbox 64 1729 180 1810; x_wconf 73' lang='lat' dir='ltr'><strong>Quid,</strong></span> <span class='ocrx_word' id='word_1_105' title='bbox 194 1730 220 1790; x_wconf 82' lang='lat' dir='ltr'><strong>si</strong></span> <span class='ocrx_word' id='word_1_106' title='bbox 233 1729 352 1792; x_wconf 86' lang='lat' dir='ltr'><strong>coelestis</strong></span> <span class='ocrx_word' id='word_1_107' title='bbox 365 1730 442 1791; x_wconf 83' lang='lat' dir='ltr'><strong>vires</strong></span> <span class='ocrx_word' id='word_1_108' title='bbox 455 1732 653 1792; x_wconf 87' lang='lat' dir='ltr'><strong>conscendere</strong></span> <span class='ocrx_word' id='word_1_109' title='bbox 666 1751 766 1792; x_wconf 88' lang='lat' dir='ltr'><strong>sermo</strong></span> <span class='ocrx_word' id='word_1_110' title='bbox 852 1720 855 1725; x_wconf 39' lang='lat'><strong>⁴</strong></span> 
     </span>
     <span class='ocr_line' id='line_1_17' title="bbox 63 1819 886 1904; baseline 0 -18"><span class='ocrx_word' id='word_1_111' title='bbox 63 1819 224 1904; x_wconf 79' lang='lat' dir='ltr'><strong>Coeperit,</strong></span> <span class='ocrx_word' id='word_1_112' title='bbox 236 1835 266 1882; x_wconf 88' lang='lat' dir='ltr'><strong>et</strong></span> <span class='ocrx_word' id='word_1_113' title='bbox 275 1834 395 1902; x_wconf 84' lang='lat' dir='ltr'><strong>superas</strong></span> <span class='ocrx_word' id='word_1_114' title='bbox 407 1843 508 1883; x_wconf 92' lang='lat' dir='ltr'><strong>rerum</strong></span> <span class='ocrx_word' id='word_1_115' title='bbox 521 1825 737 1903; x_wconf 87' lang='lat' dir='ltr'><strong>comprendere</strong></span> <span class='ocrx_word' id='word_1_116' title='bbox 751 1825 886 1886; x_wconf 77' lang='lat' dir='ltr'><strong>formas?</strong></span> 
     </span>
     <span class='ocr_line' id='line_1_18' title="bbox 70 1915 932 1996; baseline 0.001 -19"><span class='ocrx_word' id='word_1_117' title='bbox 70 1915 153 1994; x_wconf 89' lang='lat' dir='ltr'><strong>Quis</strong></span> <span class='ocrx_word' id='word_1_118' title='bbox 164 1928 295 1977; x_wconf 85' lang='lat' dir='ltr'><strong>restrum</strong></span> <span class='ocrx_word' id='word_1_119' title='bbox 310 1915 416 1975; x_wconf 87' lang='lat' dir='ltr'><strong>duram</strong></span> <span class='ocrx_word' id='word_1_120' title='bbox 428 1915 540 1996; x_wconf 87' lang='lat' dir='ltr'><strong>poterit</strong></span> <span class='ocrx_word' id='word_1_121' title='bbox 549 1915 624 1975; x_wconf 91' lang='lat' dir='ltr'><strong>mihi</strong></span> <span class='ocrx_word' id='word_1_122' title='bbox 637 1917 770 1996; x_wconf 90' lang='lat' dir='ltr'><strong>pandere</strong></span> <span class='ocrx_word' id='word_1_123' title='bbox 780 1922 932 1984; x_wconf 76' lang='lat' dir='ltr'><strong>mentem?</strong></span> 
     </span>
     <span class='ocr_line' id='line_1_19' title="bbox 69 2007 806 2090; baseline -0.004 -19"><span class='ocrx_word' id='word_1_124' title='bbox 69 2008 210 2090; x_wconf 76' lang='lat' dir='ltr'><strong>Accipite</strong></span> <span class='ocrx_word' id='word_1_125' title='bbox 223 2027 313 2090; x_wconf 79' lang='lat' dir='ltr'><strong>ergo,</strong></span> <span class='ocrx_word' id='word_1_126' title='bbox 328 2007 413 2068; x_wconf 85' lang='lat' dir='ltr'><strong>novis</strong></span> <span class='ocrx_word' id='word_1_127' title='bbox 426 2029 490 2087; x_wconf 79' lang='lat' dir='ltr'><strong>quae</strong></span> <span class='ocrx_word' id='word_1_128' title='bbox 503 2007 540 2066; x_wconf 90' lang='lat' dir='ltr'><strong>sit</strong></span> <span class='ocrx_word' id='word_1_129' title='bbox 551 2008 695 2067; x_wconf 85' lang='lat' dir='ltr'><strong>sententia</strong></span> <span class='ocrx_word' id='word_1_130' title='bbox 710 2009 806 2068; x_wconf 87' lang='lat' dir='ltr'><strong>rebus.</strong></span> 
     </span>
     <span class='ocr_line' id='line_1_20' title="bbox 74 2099 816 2181; baseline -0.004 -18"><span class='ocrx_word' id='word_1_131' title='bbox 74 2100 235 2163; x_wconf 76' lang='lat' dir='ltr'><strong>sidereum</strong></span> <span class='ocrx_word' id='word_1_132' title='bbox 247 2099 345 2162; x_wconf 87' lang='lat' dir='ltr'><strong>nullus</strong></span> <span class='ocrx_word' id='word_1_133' title='bbox 355 2102 466 2181; x_wconf 85' lang='lat' dir='ltr'><strong>poterit</strong></span> <span class='ocrx_word' id='word_1_134' title='bbox 477 2100 676 2160; x_wconf 88' lang='lat' dir='ltr'><strong>conscendere</strong></span> <span class='ocrx_word' id='word_1_135' title='bbox 689 2099 816 2176; x_wconf 81' lang='lat' dir='ltr'><strong>eoelum,</strong></span> 
     </span>
    </p>

    <p class='ocr_par' dir='ltr' id='par_1_6' title="bbox 73 2192 846 2460">
     <span class='ocr_line' id='line_1_21' title="bbox 73 2192 822 2277; baseline -0.007 -22"><span class='ocrx_word' id='word_1_136' title='bbox 73 2195 122 2255; x_wconf 77' lang='lat' dir='ltr'><strong>Ni</strong></span> <span class='ocrx_word' id='word_1_137' title='bbox 134 2195 231 2270; x_wconf 83' lang='lat' dir='ltr'><strong>solus,</strong></span> <span class='ocrx_word' id='word_1_138' title='bbox 245 2192 319 2258; x_wconf 76' lang='lat' dir='ltr'><strong>eoeti</strong></span> <span class='ocrx_word' id='word_1_139' title='bbox 330 2193 411 2261; x_wconf 79' lang='lat' dir='ltr'><strong>venit</strong></span> <span class='ocrx_word' id='word_1_140' title='bbox 424 2193 475 2271; x_wconf 90' lang='lat' dir='ltr'><strong>qui</strong></span> <span class='ocrx_word' id='word_1_141' title='bbox 489 2192 593 2251; x_wconf 88' lang='lat' dir='ltr'><strong>missus</strong></span> <span class='ocrx_word' id='word_1_142' title='bbox 606 2192 643 2252; x_wconf 87' lang='lat' dir='ltr'><strong>ab</strong></span> <span class='ocrx_word' id='word_1_143' title='bbox 657 2192 742 2267; x_wconf 87' lang='lat' dir='ltr'><strong>aula,</strong></span> <span class='ocrx_word' id='word_1_144' title='bbox 818 2271 822 2277; x_wconf 28' lang='grc' dir='ltr'>Ι</span> 
     </span>
     <span class='ocr_line' id='line_1_22' title="bbox 75 2283 846 2363; baseline 0.001 -15"><span class='ocrx_word' id='word_1_145' title='bbox 75 2286 164 2348; x_wconf 86' lang='lat' dir='ltr'><strong>Idem</strong></span> <span class='ocrx_word' id='word_1_146' title='bbox 174 2286 306 2348; x_wconf 86' lang='lat' dir='ltr'><strong>hominis</strong></span> <span class='ocrx_word' id='word_1_147' title='bbox 315 2299 399 2346; x_wconf 83' lang='lat' dir='ltr'><strong>natus</strong></span> <span class='ocrx_word' id='word_1_148' title='bbox 409 2329 417 2360; x_wconf 87' lang='lat'>‚</span> <span class='ocrx_word' id='word_1_149' title='bbox 428 2283 562 2363; x_wconf 86' lang='lat' dir='ltr'><strong>coeli-qui</strong></span> <span class='ocrx_word' id='word_1_150' title='bbox 575 2285 606 2343; x_wconf 91' lang='lat' dir='ltr'><strong>in</strong></span> <span class='ocrx_word' id='word_1_151' title='bbox 620 2285 689 2344; x_wconf 89' lang='lat' dir='ltr'><strong>sede</strong></span> <span class='ocrx_word' id='word_1_152' title='bbox 702 2297 846 2350; x_wconf 65' lang='lat' dir='ltr'><strong>moratur«</strong></span> 
     </span>
     <span class='ocr_line' id='line_1_23' title="bbox 77 2378 703 2460; baseline -0.003 -21"><span class='ocrx_word' id='word_1_153' title='bbox 77 2378 123 2439; x_wconf 85' lang='lat' dir='ltr'><strong>Ut</strong></span> <span class='ocrx_word' id='word_1_154' title='bbox 134 2399 257 2460; x_wconf 83' lang='lat' dir='ltr'><strong>serpens</strong></span> <span class='ocrx_word' id='word_1_155' title='bbox 269 2379 343 2439; x_wconf 87' lang='lat' dir='ltr'><strong>olim</strong></span> <span class='ocrx_word' id='word_1_156' title='bbox 358 2378 526 2459; x_wconf 82' lang='lat' dir='ltr'><strong>regionibus</strong></span> <span class='ocrx_word' id='word_1_157' title='bbox 538 2378 570 2437; x_wconf 92' lang='lat' dir='ltr'><strong>in</strong></span> <span class='ocrx_word' id='word_1_158' title='bbox 580 2378 703 2439; x_wconf 88' lang='lat' dir='ltr'><strong>desertis</strong></span> 
     </span>
    </p>

    <p class='ocr_par' dir='ltr' id='par_1_7' title="bbox 76 2469 802 2550">
     <span class='ocr_line' id='line_1_24' title="bbox 76 2469 802 2550; baseline -0.001 -16"><span class='ocrx_word' id='word_1_159' title='bbox 76 2471 179 2533; x_wconf 86' lang='lat' dir='ltr'><strong>Mosei</strong></span> <span class='ocrx_word' id='word_1_160' title='bbox 190 2472 327 2532; x_wconf 85' lang='lat' dir='ltr'><strong>manibus</strong></span> <span class='ocrx_word' id='word_1_161' title='bbox 336 2491 458 2532; x_wconf 87' lang='lat' dir='ltr'><strong>summo</strong></span> <span class='ocrx_word' id='word_1_162' title='bbox 469 2469 597 2530; x_wconf 89' lang='lat' dir='ltr'><strong>sublatus</strong></span> <span class='ocrx_word' id='word_1_163' title='bbox 609 2471 726 2532; x_wconf 88' lang='lat' dir='ltr'><strong>honore</strong></span> <span class='ocrx_word' id='word_1_164' title='bbox 741 2487 802 2550; x_wconf 88' lang='lat' dir='ltr'><strong>est,</strong></span> 
     </span>
    </p>

    <p class='ocr_par' dir='ltr' id='par_1_8' title="bbox 75 2563 903 3013">
     <span class='ocr_line' id='line_1_25' title="bbox 75 2563 855 2647; baseline 0.001 -22"><span class='ocrx_word' id='word_1_165' title='bbox 75 2563 130 2627; x_wconf 79' lang='lat' dir='ltr'><strong>sic</strong></span> <span class='ocrx_word' id='word_1_166' title='bbox 139 2563 274 2647; x_wconf 83' lang='lat' dir='ltr'><strong>hominis</strong></span> <span class='ocrx_word' id='word_1_167' title='bbox 286 2577 388 2624; x_wconf 83' lang='lat' dir='ltr'><strong>natum</strong></span> <span class='ocrx_word' id='word_1_168' title='bbox 400 2564 464 2623; x_wconf 90' lang='lat' dir='ltr'><strong>tolli</strong></span> <span class='ocrx_word' id='word_1_169' title='bbox 478 2564 509 2622; x_wconf 89' lang='lat' dir='ltr'><strong>in</strong></span> <span class='ocrx_word' id='word_1_170' title='bbox 522 2563 649 2624; x_wconf 89' lang='lat' dir='ltr'><strong>sublime</strong></span> <span class='ocrx_word' id='word_1_171' title='bbox 661 2586 781 2626; x_wconf 86' lang='lat' dir='ltr'><strong>neeesse</strong></span> <span class='ocrx_word' id='word_1_172' title='bbox 794 2579 855 2644; x_wconf 88' lang='lat' dir='ltr'><strong>est,</strong></span> 
     </span>
     <span class='ocr_line' id='line_1_26' title="bbox 76 2657 816 2737; baseline 0 -19"><span class='ocrx_word' id='word_1_173' title='bbox 76 2657 123 2718; x_wconf 87' lang='lat' dir='ltr'><strong>Ut</strong></span> <span class='ocrx_word' id='word_1_174' title='bbox 135 2657 304 2736; x_wconf 83' lang='lat' dir='ltr'><strong>quicunque</strong></span> <span class='ocrx_word' id='word_1_175' title='bbox 317 2657 408 2717; x_wconf 90' lang='lat' dir='ltr'><strong>fidem</strong></span> <span class='ocrx_word' id='word_1_176' title='bbox 419 2657 527 2716; x_wconf 87' lang='lat' dir='ltr'><strong>mentis</strong></span> <span class='ocrx_word' id='word_1_177' title='bbox 536 2657 737 2737; x_wconf 75' lang='lat' dir='ltr'><strong>penetralibus</strong></span> <span class='ocrx_word' id='word_1_178' title='bbox 750 2659 816 2718; x_wconf 82' lang='lat' dir='ltr'><strong>altis</strong></span> 
     </span>
     <span class='ocr_line' id='line_1_27' title="bbox 75 2749 742 2823; baseline -0.004 -13"><span class='ocrx_word' id='word_1_179' title='bbox 75 2749 161 2811; x_wconf 89' lang='lat' dir='ltr'><strong>lllius</strong></span> <span class='ocrx_word' id='word_1_180' title='bbox 173 2751 211 2808; x_wconf 86' lang='lat' dir='ltr'><strong>ad</strong></span> <span class='ocrx_word' id='word_1_181' title='bbox 222 2769 334 2809; x_wconf 89' lang='lat' dir='ltr'><strong>numen</strong></span> <span class='ocrx_word' id='word_1_182' title='bbox 348 2749 463 2823; x_wconf 84' lang='lat' dir='ltr'><strong>statuit,</strong></span> <span class='ocrx_word' id='word_1_183' title='bbox 477 2749 529 2810; x_wconf 85' lang='lat' dir='ltr'><strong>sub</strong></span> <span class='ocrx_word' id='word_1_184' title='bbox 540 2750 658 2810; x_wconf 89' lang='lat' dir='ltr'><strong>turbine</strong></span> <span class='ocrx_word' id='word_1_185' title='bbox 669 2749 742 2810; x_wconf 89' lang='lat' dir='ltr'><strong>secli</strong></span> 
     </span>
     <span class='ocr_line' id='line_1_28' title="bbox 77 2823 903 2925; baseline 0 -23"><span class='ocrx_word' id='word_1_186' title='bbox 77 2840 238 2904; x_wconf 86' lang='lat' dir='ltr'><strong>Proculcet</strong></span> <span class='ocrx_word' id='word_1_187' title='bbox 248 2841 375 2921; x_wconf 87' lang='lat' dir='ltr'><strong>pedibus</strong></span> <span class='ocrx_word' id='word_1_188' title='bbox 387 2823 521 2917; x_wconf 86' lang='lat' dir='ltr'><strong>lethum,</strong></span> <span class='ocrx_word' id='word_1_189' title='bbox 542 2855 572 2902; x_wconf 89' lang='lat' dir='ltr'><strong>et</strong></span> <span class='ocrx_word' id='word_1_190' title='bbox 584 2855 664 2902; x_wconf 90' lang='lat' dir='ltr'><strong>trans</strong></span> <span class='ocrx_word' id='word_1_191' title='bbox 675 2842 772 2901; x_wconf 87' lang='lat' dir='ltr'><strong>sidera</strong></span> <span class='ocrx_word' id='word_1_192' title='bbox 783 2859 903 2925; x_wconf 80' lang='lat' dir='ltr'><strong>surgens</strong></span> 
     </span>
     <span class='ocr_line' id='line_1_29' title="bbox 77 2932 729 3013; baseline -0.008 -17"><span class='ocrx_word' id='word_1_193' title='bbox 77 2932 226 2996; x_wconf 81' lang='lat' dir='ltr'><strong>Sublimis</strong></span> <span class='ocrx_word' id='word_1_194' title='bbox 234 2933 330 3013; x_wconf 85' lang='lat' dir='ltr'><strong>capiat</strong></span> <span class='ocrx_word' id='word_1_195' title='bbox 343 2935 456 2994; x_wconf 78' lang='lat' dir='ltr'><strong>donum</strong></span> <span class='ocrx_word' id='word_1_196' title='bbox 467 2933 639 2995; x_wconf 86' lang='lat' dir='ltr'><strong>inviolabile</strong></span> <span class='ocrx_word' id='word_1_197' title='bbox 651 2933 729 2993; x_wconf 81' lang='lat' dir='ltr'><strong>vitae.</strong></span> 
     </span>
    </p>

    <p class='ocr_par' dir='ltr' id='par_1_9' title="bbox 79 3018 809 3108">
     <span class='ocr_line' id='line_1_30' title="bbox 79 3018 809 3108; baseline -0.003 -22"><span class='ocrx_word' id='word_1_198' title='bbox 79 3024 222 3108; x_wconf 80' lang='lat' dir='ltr'><strong>Namque</strong></span> <span class='ocrx_word' id='word_1_199' title='bbox 232 3024 317 3088; x_wconf 84' lang='lat' dir='ltr'><strong>Deus</strong></span> <span class='ocrx_word' id='word_1_200' title='bbox 328 3027 471 3086; x_wconf 88' lang='lat' dir='ltr'><strong>mundum</strong></span> <span class='ocrx_word' id='word_1_201' title='bbox 483 3018 569 3084; x_wconf 83' lang='lat' dir='ltr'><strong>tanto·</strong></span> <span class='ocrx_word' id='word_1_202' title='bbox 577 3025 679 3084; x_wconf 85' lang='lat' dir='ltr'><strong>dilexit</strong></span> <span class='ocrx_word' id='word_1_203' title='bbox 689 3042 809 3099; x_wconf 83' lang='lat' dir='ltr'><strong>amore,</strong></span> 
     </span>
    </p>
   </div>
   <div class='ocr_carea' id='block_1_3' title="bbox 80 3115 833 3268">
    <p class='ocr_par' dir='ltr' id='par_1_10' title="bbox 80 3115 833 3268">
     <span class='ocr_line' id='line_1_31' title="bbox 80 3115 833 3268; baseline -0.004 -89"><span class='ocrx_word' id='word_1_204' title='bbox 80 3115 243 3202; x_wconf 75' lang='lat' dir='ltr'><strong>Ejuautin</strong></span> <span class='ocrx_word' id='word_1_205' title='bbox 254 3130 347 3182; x_wconf 81' lang='lat' dir='ltr'><strong>terras</strong></span> <span class='ocrx_word' id='word_1_206' title='bbox 357 3119 550 3182; x_wconf 81' lang='lat' dir='ltr'><strong>descenderet</strong></span> <span class='ocrx_word' id='word_1_207' title='bbox 562 3116 652 3180; x_wconf 88' lang='lat' dir='ltr'><strong>unica·</strong></span> <span class='ocrx_word' id='word_1_208' title='bbox 662 3115 777 3198; x_wconf 84' lang='lat' dir='ltr'><strong>proles,</strong></span> <span class='ocrx_word' id='word_1_209' title='bbox 811 3204 833 3268; x_wconf 72' lang='lat'>8</span> 
     </span>
     <span class='ocr_line' id='line_1_32' title="bbox 795 3229 807 3268; baseline 0 0"><span class='ocrx_word' id='word_1_210' title='bbox 795 3229 807 3268; x_wconf 86' lang='lat'>1</span> 
     </span>
    </p>
   </div>
   <div class='ocr_carea' id='block_1_4' title="bbox 0 0 1031 3714">
    <p class='ocr_par' dir='ltr' id='par_1_11' title="bbox 0 0 1031 3714">
     <span class='ocr_line' id='line_1_33' title="bbox 0 0 1031 3714; baseline 0 0"><span class='ocrx_word' id='word_1_211' title='bbox 0 0 1031 3714; x_wconf 95' lang='lat' dir='ltr'><strong> </strong></span> 
     </span>
    </p>
   </div>
  </div>
 </body>
</html>
