2018 3714
106 260 168 323 152
295 324 300 333 ,
324 270 467 323 ennuntt
481 266 584 321 MAllll
601 267 775 319 vtcnrtttts
888 258 954 343 alp.

147 362 207 423 Sed
220 362 293 423 levis
306 376 348 423 est
360 374 455 423 restra
470 359 612 421 vitiorum
625 360 752 421 morbus
769 360 803 421 in
816 362 904 441 urbe,

105 457 140 519 si
152 477 213 516 non
226 456 349 517 feminei
361 455 454 537 magis
466 473 598 515 exarsere
609 452 747 528 furores,

103 552 184 609 Ante
198 549 279 609 diem
294 547 418 609 Salmon
433 546 562 609 tenebris
572 567 631 606 nox
640 547 768 609 humida
782 550 906 629 condet,

104 640 207 723 Quam
221 643 334 723 possim
347 662 448 702 mores
459 641 545 721 hujus
557 661 735 720 percurrere
748 642 864 721 imbre,
917 682 921 690 ·

105 736 184 815 Quae
196 758 264 797 curn
278 736 340 817 lege
356 734 417 794 Dei
430 735 528 794 vivant
539 734 593 794 snb
604 733 668 816 lege
683 734 847 811 virorum,

104 827 303 909 Prohpudor!
314 829 391 887 haud
396 827 594 905 unquamsinc
602 840 706 887 nostro
712 828 958 912 criurinepeeutt

104 922 188 983 Nam
202 922 258 981 nisi
273 920 388 981 delictis
399 920 501 981 faciles
511 920 699 980 traherentur
711 941 841 999 earum,

108 1014 200 1075 llaud
214 1014 278 1074 illas
290 1014 369 1073 vitiis
383 1012 525 1073 vellemus
537 1013 636 1091 virere
648 1014 760 1075 nostris
774 1038 783 1075 r

107 1106 177 1169 Nec
190 1108 297 1191 rigidas
309 1127 381 1166 auro
395 1119 507 1179 restes,
520 1126 577 1166 nec
590 1103 700 1165 vellera
713 1102 848 1183 Serum,

109 1200 178 1262 Nec
190 1201 304 1281 lapides
314 1213 378 1260 toto
391 1220 464 1277 quos
477 1200 535 1260 lert
547 1211 696 1260 mercator
709 1200 748 1260 ab
761 1202 859 1277 orbe,
915 1188 921 1199 ’

110 1292 290 1354 Fundorum
302 1293 406 1374 pretiis
418 1305 552 1354 emerent
567 1291 693 1372 suspiria
705 1308 825 1357 moeste.

108 1386 131 1445 J
134 1388 269 1471 ungimus
281 1400 311 1447 et
322 1378 427 1461 vanas,
441 1408 503 1446 non
516 1399 559 1446 est
571 1387 687 1465 pudor,
703 1388 818 1451 addere
828 1408 914 1453 cum

111 1478 145 1540 Si
155 1482 250 1563 gravis
264 1480 370 1562 ignotis
382 1480 526 1561 processit
539 1477 647 1539 Lesbia
658 1481 809 1562 gemmis,

109 1572 151 1633 Et
164 1574 262 1635 decies
276 1573 397 1634 Passine
409 1594 488 1633 novo
500 1574 623 1632 radiavit
636 1573 667 1631 in
679 1585 763 1633 ostro
779 1597 786 1633 :

112 1666 281 1729 Confestim
294 1682 434 1727 ornatum
443 1668 500 1726 sibi
513 1687 636 1746 quaeque
649 1668 785 1746 exposcit
798 1672 937 1733 eundem.

110 1759 192 1843 Ergo
205 1763 285 1839 quod
298 1763 386 1822 variis
398 1762 534 1823 studeant
547 1781 702 1822 occurrere
718 1762 850 1840 formis,

110 1852 210 1933 Atque
224 1854 293 1914 viris
306 1854 380 1915 alios
391 1855 524 1933 aliosque
539 1871 694 1933 opponere
707 1854 825 1931 vultus,

111 1946 225 2008 Nonne
237 1948 299 2010 haec
308 1948 395 2028 culpa
408 1949 463 2009 viri
472 1950 529 2008 est?
543 1948 613 2025 quid
626 1961 713 2028 agunt
724 1948 757 2007 in
770 1970 902 2030 corpore
911 1960 970 2009 eno

115 2038 241 2102 Cerussa
255 2055 283 2101 et
296 2042 444 2115 minium,
460 2053 637 2117 centumque
650 2061 765 2100 venena
780 2042 935 2103 colorum?

113 2132 226 2193 llleutis
237 2135 353 2208 honor,
370 2154 548 2212 morumque
561 2134 729 2193 decussum
743 2134 866 2196 vincula
878 2134 958 2195 sancti

116 2225 256 2310 Conjugii
270 2251 276 2285 ε
291 2230 314 2288 si
328 2228 425 2288 lorma
438 2227 551 2306 placet,
567 2226 752 2312 venientibus
765 2229 854 2289 annis

116 2318 213 2381 Cedet
225 2341 311 2380 nrrror
324 2345 330 2378 :
345 2320 407 2379 sola
423 2333 482 2392 est,
500 2319 617 2378 senium
631 2340 695 2396 quae
708 2321 822 2394 nescit,
844 2322 972 2381 honestas

157 2411 238 2470 Num
252 2415 332 2490 quod
347 2411 497 2493 perpetuis
510 2412 690 2471 discursibus
703 2414 806 2473 omnia
819 2414 950 2487 lustrant¹

118 2504 209 2583 Quod
215 2519 349 2585 pascunt,
358 2504 535 2585 quodmulta
543 2517 659 2586 gerunt,
668 2506 748 2582 quod
760 2507 973 2588 multaloqunt·

280 2612 326 2659 tur

116 2689 190 2750 Non
203 2693 309 2752 vitium
319 2704 455 2753 nostrum
468 2702 530 2749 est:
546 2687 639 2748 Paulo
653 2701 682 2749 et
697 2687 844 2753 Salmone
858 2693 970 2765 relicto,

118 2783 212 2863 Quod
227 2784 314 2845 lllaro
329 2797 460 2846 cantatur
472 2780 651 2856 Phoenissae,
665 2796 694 2842 et
718 2782 804 2844 Naso
821 2782 981 2870 Corynnre‚

119 2877 353 2958 Quodplausum
359 2872 679 2957 accipiuntlyraFlacci
688 2919 697 2949 ‚
705 2889 753 2935 aut
759 2898 848 2937 scena
856 2876 981 2951 Terenti,

117 2967 186 3029 Nos
196 3013 205 3042 ‚
217 2970 325 3033 horum
339 2992 394 3031 nos
408 2989 493 3033 causa
504 2989 603 3028 sumus
617 2992 623 3026 :
638 2989 693 3028 nos
706 2973 834 3051 turpiter
848 2973 912 3034 istis

118 3060 313 3127 Nutrimenta
325 3068 428 3127 damus
438 3062 568 3123 llammis
581 3060 725 3144 :culpane
735 3067 879 3127 'caremus
887 3070 901 3128 i'
