2018 3714
10 327 31 366 ν..
53 324 138 389 ¹97·
230 313 472 370 ereremum
489 316 574 370 msr.
591 317 655 371 nn.
672 296 718 371 lv.
849 303 911 366 att

10 409 69 471 llis
83 408 210 491 quinis,
233 398 359 496 quarum
372 430 441 492 pars
456 424 500 472 est
512 412 677 493 sapientior
690 430 767 487 una,

10 502 128 565 bltera
140 504 325 586 praestupido
338 523 408 584 pars
421 516 464 564 est
476 504 669 565 stolidissima
681 506 783 567 corde.

10 593 272 658 occurrere-illae
284 596 359 677 rutis
372 596 559 677 sponsalibus
574 617 695 673 omnes,

10 686 761 752 Ornatuaecincteetaedarumllammicomantum.
783 762 787 769 Ι

11 780 87 842 sed
99 782 219 862 sapiens
230 801 299 864 pars
311 781 381 858 illa,
395 781 457 843 sibi
465 782 653 861 que-lumina
666 781 806 844 llammae·

12 874 216 957 Susciperet,
229 889 351 957 portare
364 875 454 936 simul
467 876 592 948 curabat
604 877 728 938 olivum.
774 954 776 959 ,

16 967 192 1030 Stultarum
203 988 276 1031 reru
289 988 352 1028 non
364 981 407 1029 est
420 969 667 1051 pmdentiatalis.

19 1059 166 1142 Cumque
178 1074 347 1122 moraretur
359 1080 502 1143 sponsus,
515 1075 578 1123 tum
593 1062 730 1122 membra
744 1082 862 1144 sopore

20 1154 190 1217 solvuntur
200 1167 316 1218 cunctae
327 1176 384 1237 per
395 1155 528 1237 compita
541 1155 600 1215 lata
611 1155 737 1219 viamm.

20 1248 98 1308 Jam
109 1248 207 1310 noctis
219 1249 321 1310 medio
333 1248 449 1311 clamor
457 1247 648 1311 crebrescere
660 1269 785 1333 magnus
834 1313 839 1321 ,

19 1340 184 1417 Exoritur,
195 1341 323 1422 laetoque
338 1342 445 1403 debinc
459 1361 617 1404 occurrere
631 1355 702 1404 roto

18 1435 209 1510 Admonuit,
222 1435 365 1515 taedisque
379 1436 441 1496 rias
453 1435 705 1498 omarecoruscis
722 1458 729 1497 ε

21 1526 152 1610 Surgere
165 1526 328 1610 virginibus
340 1540 558 1610 properatum,
581 1541 610 1589 ct
622 1527 832 1589 luminataedi‘s

21 1618 196 1696 Instruere,
222 1632 252 1680 et
263 1618 400 1681 flammas
413 1621 713 1704 pingui-eompunere
727 1620 818 1682 olivo.

22 1710 113 1774 Tunc
124 1712 238 1774 stolidee
250 1714 398 1797 rogitant,
413 1714 473 1776 olei
486 1715 548 1776 sibi>
556 1716 663 1777 cedere
676 1727 794 1796 partem
806 1757 815 1789 ,

21 1801 193 1868 Prudentes
205 1826 307 1887 secum
321 1809 402 1886 quod
415 1820 609 1892 tunc-gestare
623 1807 771 1868 videbant.

22 1895 85 1958 Sed
96 1899 242 1979 quoniam
255 1900 374 1982 sapiens
386 1902 496 1982 pavitat
507 1901 633 1976 chorus,
651 1900 792 1961 omnibus
806 1916 897 1977 acque·

18 1989 71 2051 Ne
85 1990 184 2052 desint
196 1992 284 2055 clarae
296 1994 462 2055 nutrimina
475 1994 597 2077 pinguia
609 1991 758 2067 flammae,

19 2081 68 2144 Ex
78 2085 307 2165 parvo-aequalis
318 2087 343 2147 si
354 2088 440 2148 detur
450 2087 553 2168 portio
565 2084 679 2148 cunctis
692 2105 708 2143 a.

20 2173 105 2236 Tum
118 2189 245 2260 pergunt
255 2179 351 2240 stultae
357 2215 371 2257 -,
384 2178 539 2260 liquidum
545 2189 718 2240 mercentur
729 2173 862 2236 olivum„

22 2267 112 2329 Dum
123 2282 270 2352 pergunt,
284 2271 361 2332 laetae
373 2284 576 2334 transcurrunt
590 2269 691 2332 omnia
704 2287 851 2354 pompae,

18 2359 64 2421 Et
73 2381 187 2443 sponso
200 2374 315 2425 tantum
329 2365 488 2426 comitatur
500 2363 590 2426 factio
603 2364 745 2444 prudens.
774 2440 777 2445 Δ

17 2455 196 2518 Adveniunt
208 2456 302 2517 brutae
313 2460 380 2517 sero
393 2469 463 2540 post
472 2471 611 2538 tempora
623 2475 751 2540 segnes,
809 2496 815 2502 -

17 2546 63 2608 Et
74 2547 180 2629 sponsi
193 2548 422 2629 pulsare-lorus,
435 2563 465 2612 et
478 2550 583 2610 limina
596 2549 694 2612 clausa
799 2548 801 2552 ’

17 2639 905 2726 Nequicquamingeminant,precibusqueingratalr'eqnen

147 2745 229 2811 tam,
639 2766 645 2782 ι

18 2823 69 2886 Ut
83 2825 173 2889 liceat
184 2827 302 2889 miseris
309 2830 513 2910 penetrare-in
525 2830 631 2893 limina
642 2828 719 2888 laeta.

19 2917 95 2979 lllas
112 2939 176 2980 non
190 2920 336 2983 comitum
349 2924 451 3004 sponsi
465 2932 644 3005 cognoscere
656 2920 828 3000 quisquam,
900 2910 903 2914 ⁴

20 3009 99 3073 Non
111 3013 176 3096 ipse
188 3033 316 3095 sponsus
328 3015 432 3078 veluit.
445 3014 577 3098 Vigilate
588 3012 744 3092 timentes,
844 3026 847 3031 ·

22 3102 178 3169 Adventus
190 3107 276 3171 vobis
288 3110 374 3189 quod·
382 3128 445 3171 non
459 3121 502 3171 est
515 3107 626 3172 certior
635 3104 719 3180 bora.
