2046 3712
88 255 146 317 138
329 269 473 324 mtaunn
488 273 590 325 utun
604 256 767 325 moeonas
854 274 938 427 unp

87 360 284 444 Oblitamque
300 363 359 425 Dei
370 364 470 445 plures
482 366 622 448 effingere
634 367 722 427 divos

86 455 162 518 Non
173 460 279 540 puduit
295 459 384 519 :tanti
396 471 439 518 est
451 460 584 539 supremi
597 459 711 521 oblicIu
726 458 843 523 Patria.
928 444 938 517 l

86 550 168 613 Tum
182 554 276 635 gravis
288 553 426 615 inventor
437 552 508 613 lethi
520 574 633 614 cessare
647 574 798 634 capacem·
925 530 938 609 l

86 642 213 706 Fraudis
224 648 380 707 materiam
391 667 457 706 non·
466 665 587 726 passus,
602 661 707 708 cuncta
718 648 865 731 maligno·
932 626 938 715 ¹.

88 737 227 800 Subdidit
237 742 376 815 arbitrio,
391 761 451 820 quo
463 740 555 800 latum
567 741 720 802 induceret
733 743 831 818 orM,
929 752 938 787 ⁵

90 831 294 913 Suaderetque
307 833 410 894 Deum
422 833 469 895 vel
482 836 543 914 jam
554 855 616 894 nou
629 854 710 910 esse,
725 834 849 897 relicta
931 844 938 897 t

86 924 236 987 Inferiore
246 927 332 1009 hujus
346 940 539 990 contemnere
551 928 654 989 munia
665 930 786 991 mundi.
914 912 938 989 ul

125 1018 207 1104 Ergo
221 1042 268 1080 res
276 1021 435 1082 hominurn
452 1036 589 1098 cunctas,
603 1034 769 1102 eventaque
785 1044 894 1087 rerum

90 1110 169 1192 Quae
183 1113 321 1174 Domino
336 1116 431 1176 luerat
443 1138 498 1197 par
509 1117 654 1199 assignare
666 1137 816 1197 supremo
831 1142 840 1180 a
909 1150 913 1159 ·

88 1205 247 1289 Assignare
259 1210 337 1290 vagis
346 1210 491 1290 persuasit
504 1209 645 1270 subdolus
657 1210 763 1286 astris,

89 1299 188 1379 Atque
202 1301 300 1360 avium
311 1315 444 1382 spectare
456 1304 561 1377 fibras,
576 1316 734 1383 motusque
746 1306 938 1385 volantum,

86 1390 129 1454 Et
140 1395 237 1455 studio
250 1395 360 1477 ingenti
376 1397 496 1480 magicae
509 1397 603 1458 scelus
615 1397 714 1458 intulit
726 1399 804 1461 anis
813 1446 831 1478 ‚,
936 1410 938 1437 ¹

86 1485 129 1547 Et
139 1487 240 1569 plures
255 1509 340 1550 orare
352 1489 456 1564 Deos,
469 1490 609 1570 idolaque
620 1503 701 1550 muta
923 1498 938 1545 ἕ

85 1579 147 1642 Aut
160 1583 280 1664 magicis
297 1583 385 1644 idolis
396 1584 561 1644 latitantem
575 1597 684 1658 semet,
697 1583 728 1644 iu
742 1585 825 1665 ipsis
936 1588 938 1595 '

86 1674 181 1735 Suasit
193 1676 332 1751 adorari,
346 1671 441 1736 multo
454 1697 539 1758 mage
553 1677 661 1759 dignus·
669 1677 765 1737 aduri.

86 1765 182 1847 Inque
195 1770 326 1831 nefanda
334 1772 419 1851 prior
433 1771 584 1831 descendit
596 1769 723 1830 crimina
734 1769 893 1835 Nimrotlt
906 1816 920 1849 ,

85 1860 253 1942 Impietatis
266 1885 340 1944 apex
355 1863 452 1925 Cham
465 1884 551 1924 servo
566 1884 581 1922 e
593 1863 708 1922 semine
722 1877 833 1938 natus,

86 1953 172 2015 ttlote
186 1971 216 2017 et
230 1972 329 2017 mente
344 1957 452 2040 Gigas,
467 1956 637 2040 Babylonia
651 1977 739 2038 regna
751 1959 935 2039 gubernans.

85 2046 247 2110 Persarum
260 2052 309 2112 hic
322 2052 437 2123 animos
452 2052 588 2131 capiens,
603 2065 727 2111 venator
740 2052 866 2131 iniquus
882 2097 894 2131 ,

84 2143 114 2201 A
128 2144 205 2202 veris
221 2143 350 2203 Domini
365 2145 455 2206 sacris
469 2145 593 2203 traduxit
607 2146 645 2203 ad
658 2145 768 2224 ignem.

87 2231 120 2294 N
124 2256 158 2295 ec
169 2238 260 2296 modo
272 2237 339 2317 plus
351 2259 436 2316 aequo
452 2237 586 2316 cupidis,
599 2237 655 2296 hac
665 2250 727 2296 arte
741 2240 849 2319 sagaci

86 2325 143 2387 Ille
156 2343 244 2408 caput
254 2330 400 2391 scelerum
410 2330 536 2407 „mundi
550 2329 766 2390 infensissimus
778 2331 900 2411 hostis,

88 2420 186 2483 Illusit
200 2425 276 2484 curis
289 2425 466 2499 hominum,
481 2425 532 2483 sed
546 2423 694 2483 mentibus
706 2423 780 2503 ipsis

88 2513 199 2590 Irruit‚
215 2531 243 2576 et
256 2540 356 2580 sensus
368 2520 486 2601 penitus
497 2518 649 2576 'descendit
662 2517 692 2575 in
706 2537 836 2593 omnes,

88 2605 164 2669 Mox
176 2623 205 2669 et
217 2611 248 2672 in
262 2613 384 2674 allectus
397 2638 404 2673 :
418 2633 490 2671 nam
504 2610 663 2690 cum-patri
675 2609 762 2670 unica
777 2611 887 2690 proles

88 2699 183 2782 Spem
197 2707 313 2786 generis
326 2707 407 2766 letho
421 2726 522 2766 secum
535 2702 665 2762 traxisset
677 2703 808 2777 acerbo,

87 2792 196 2856 Infelix
211 2798 373 2873 Nimroth‚
386 2800 533 2882 lacrymas
547 2808 710 2873 noctesque
722 2795 849 2874 diesque

90 2883 294 2967 Continuam,
307 2893 466 2971 hebetique
481 2890 599 2949 trahens
613 2887 754 2970 clangore
765 2888 907 2966 querelas

88 2978 174 3041 Dum
187 2983 274 3061 furit,
289 2999 318 3045 ct
332 2999 450 3065 raptum
462 2984 567 3063 quaerit
582 3003 637 3062 per
649 2981 763 3062 singula
776 2996 885 3044 natum
898 3006 907 3041 r

88 3070 208 3140 Ellecta
220 3091 360 3143 moestum
373 3078 485 3141 solatur
497 3076 626 3160 imagine
640 3075 771 3151 luctum,
