2018 3714
10 288 37 327 r.
54 282 128 347 poq·
213 272 558 335 nurneeutcm‘rnsr.
577 286 638 338 nu.
657 287 677 337 1·
827 261 883 361 19⁵

10 370 65 433 ltlt
76 375 130 435 sed
142 375 253 435 merito
265 374 433 457 gaudebunt
443 395 566 436 munere
578 379 680 461 regni,

13 466 82 545 Qui
93 468 207 530 faciunt
219 468 312 528 nostri
324 467 468 549 genitoris
478 470 553 549 jussa
565 469 704 532 volentes.

10 559 163 622 Adveniet
174 582 245 622 mox
254 580 371 621 summa
383 560 463 634 dies,
477 583 542 640 qnae
552 564 616 644 jure
626 584 730 624 severo

9 649 147 715 Praemia
156 654 274 737 justitiae
288 654 415 714 tribuet:
428 654 591 734 scelerique
604 657 777 736 gebennam.

10 743 96 807 Tum
109 746 183 807 mibi
196 746 359 807 multorum
371 746 510 808 clamabit
522 748 590 807 talia
604 748 697 810 fletus.

11 836 128 902 Nonne
140 854 191 902 tuo
203 832 355 921 quondam
369 861 480 923 magnae
491 841 544 901 sub
556 842 681 902 nomine
690 843 784 903 nobis.

10 930 148 994 Virtutes
160 934 268 997 sanetis
279 935 458 994 domuerunt
470 934 573 993 omnia
581 935 686 1015 jussis?

11 1022 102 1107 Saepe
113 1027 206 1087 etiarn
217 1039 317 1087 nostra
330 1040 373 1086 est
385 1046 441 1087 vox
454 1039 645 1087 annumerata
660 1024 837 1108 Prophetis:

10 1116 203 1199 Servivitque
214 1133 265 1180 tuo
278 1120 366 1180 nobis
376 1120 431 1180 sub
441 1120 564 1181 nomine
577 1120 705 1181 daemon.
751 1117 753 1121 ’

10 1208 105 1275 Tune
116 1213 220 1294 iurabo
233 1213 311 1287 itlis,
324 1214 405 1292 quod
417 1212 482 1272 talis
496 1213 611 1295 cognita
622 1233 774 1291 nunqnam

10 1302 89 1365 Vita
102 1305 225 1368 mihiest
236 1306 410 1381 bominum,
423 1304 511 1388 gestis
522 1326 586 1384 quae
599 1306 697 1365 sordet
711 1306 831 1385 iniquis.

57 1394 195 1479 Quisque
207 1400 283 1461 meis
293 1400 416 1459 monitis
428 1419 587 1477 auresque,
602 1411 632 1458 et
644 1397 719 1460 facta
733 1398 864 1474 dicabit,

10 1490 105 1554 Hune
115 1493 240 1573 aequabo
253 1493 318 1552 siro
329 1535 338 1566 ‚
351 1490 454 1551 solidis
469 1491 641 1551 fundamina
655 1492 729 1552 saxis

11 1583 162 1661 Pouenti‚
175 1586 283 1647 librata
294 1575 383 1666 super
393 1606 458 1664 quae
468 1578 578 1645 muenia
589 1598 715 1668 surgent.

12 1675 72 1739 llla
82 1681 187 1740 domus
197 1677 323 1759 pluviis,
337 1678 489 1755 ventisque
503 1675 591 1737 illaesa
605 1678 756 1753 mauebit,

13 1769 254 1851 Tomntumque
266 1772 363 1831 minas
376 1770 493 1830 firmato
505 1771 615 1831 robore
629 1772 725 1833 vincet
737 1795 745 1833 ε

12 1864 140 1926 Haerent
152 1864 284 1924 immotae
296 1863 437 1943 quoniam
450 1863 622 1923 fundamina
635 1878 736 1944 petrae.

10 1957 76 2038 Qui
91 1971 163 2018 vero
179 1956 280 2016 auditu
292 1968 406 2014 tantum
419 1975 489 2014 mea
500 1958 576 2036 jussa
589 1956 716 2025 tenebit,

10 2047 207 2129 Diversisque
222 2047 327 2129 procul
340 2048 423 2110 factis
435 2068 491 2128 per
504 2047 616 2107 lubrica
629 2058 747 2127 perget,

10 2144 105 2205 Hune
117 2141 250 2204 similem
264 2142 389 2215 faciam,
403 2140 517 2200 volneri
530 2139 581 2218 qui
595 2138 677 2198 fulcit
688 2158 783 2202 arene

10 2235 224 2296 Fundamenta
237 2236 363 2309 domus,
376 2234 477 2315 primo
492 2232 539 2294 eni
551 2230 672 2309 flamine
686 2234 789 2309 venti,

10 2326 55 2389 Et
66 2326 166 2407 pluvia
179 2326 280 2388 eiiusis
294 2326 383 2407 coepit
396 2347 464 2389 eum
478 2325 651 2387 incumbere
664 2325 751 2402 rivis,

10 2417 127 2481 Omnis
137 2421 278 2482 subverso
290 2420 461 2501 procumbit
473 2420 606 2500 pondere
619 2418 735 2495 moles,

10 2511 238 2593 insequiturque
250 2513 331 2595 gravi
345 2525 490 2575 tectorum
504 2524 597 2594 strage
610 2512 708 2573 ruina..

10 2606 95 2667 l'alia
109 2608 258 2667 dicentem
271 2627 377 2688 magna
388 2606 544 2667 admiratio
558 2605 657 2686 piebis

10 2697 197 2759 Immensum
209 2700 336 2781 stupuit,
350 2701 494 2777 quoniam
504 2699 722 2761 transcenderat
735 2698 800 2759 alte

10 2791 190 2853 Doctrinam
203 2806 337 2855 veterum
353 2791 624 2854 Christo-concessa
637 2802 775 2870 potestas.

47 2882 191 2966 Denique
205 2885 389 2965 linquentem
402 2886 472 2947 celsi
483 2884 596 2966 fastigia
609 2884 721 2943 montis

11 2974 145 3059 Stipabat
156 2979 286 3061 gaudens
296 2979 478 3061 populorum
491 2977 577 3037 turba
587 2988 772 3054 sequentum.

12 3065 92 3133 Eece
102 3073 155 3135 sed
164 3070 314 3145 horrenda
324 3073 453 3136 confixus
464 3070 574 3134 viscera
587 3069 669 3146 tabe,
