2046 3712
107 255 150 320 ²6
269 262 272 267 ’
404 269 692 325 reuertuntur
878 287 907 328 v.
921 267 966 354 εἴη

111 365 248 428 Detinuit
260 364 375 450 pluvias
385 364 493 426 iterato
503 378 642 446 tempore
656 368 764 449 duplu;
886 416 888 421 .
955 370 962 423 .’

104 461 324 541 Mandavitque
336 459 452 541 lepras3
470 459 569 519 hostes
580 461 706 542 caligine
718 463 809 543 cepit.

107 555 202 638 Cujus
212 566 280 636 post
292 553 408 614 obitum
420 555 482 634 jam
497 553 618 613 condita
629 555 768 615 membra
779 558 936 638 sepulcro,
954 602 958 609 .

101 648 247 731 Ahjectus
260 648 399 728 quidam,
412 658 556 706 mactatus
566 648 646 706 caede
659 646 829 726 latronum,

102 740 263 815 Mortuus,
278 752 310 800 ut
320 740 431 822 tetigit,
446 751 584 799 revocata
595 738 661 799 luce
670 740 788 800 revixit.

142 832 251 907 Isaiae,
263 832 399 913 locuples
412 845 509 905 vates,
523 831 572 892 cui
587 831 679 891 sontis
688 834 786 912 aperti

100 927 180 989 Tam
194 925 350 987 manifesta
361 925 452 998 firles,
467 925 592 984 verbum
604 923 666 984 Dei
678 945 734 985 ore
747 927 902 1006 proludit,
917 930 920 935 ’
947 958 950 963 ·

99 1018 255 1104 Largaque
267 1024 325 1100 'per
338 1013 492 1077 Christum
505 1016 598 1096 patris
611 1029 656 1076 est
666 1020 816 1098 promissa
829 1021 966 1085 voluutas

98 1111 272 1174 Praetestata
282 1112 363 1171 viam
376 1110 462 1183 vitae,
474 1122 562 1187 atque
575 1110 702 1190 probata
715 1132 771 1191 per
785 1113 885 1193 ipsum
899 1130 951 1178 est.

98 1204 205 1284 Quem
218 1203 348 1286 populus
359 1214 473 1264 sectum
487 1202 587 1284 ligno,
610 1201 676 1262 sine
687 1203 754 1263 lahe
766 1221 940 1285 repertum,

95 1297 308 1371 Immerituru,
322 1297 446 1356 ‹lemeus
458 1295 572 1355 crudeli
583 1308 683 1355 morte
695 1298 835 1377 peremit.
853 1322 856 1331 ·
918 1302 923 1330 ³

97 1390 224 1453 Sanctus
239 1388 429 1462 Hieremias,
443 1407 535 1466 quem
546 1389 684 1468 gentihus
696 1410 759 1450 esse
772 1388 958 1474 Prophetam

95 1478 223 1544 AEte'rni
235 1481 329 1540 virtus
339 1480 442 1559 jussit,
459 1479 590 1558 dixitque
601 1481 750 1551 futurum
954 1474 957 1479 ’

96 1576 162 1655 Qui
175 1574 318 1654 quonium
329 1571 427 1653 plehis
438 1573 515 1633 lucta
526 1572 695 1633 illauduutlu
708 1574 851 1652 revolvit,
873 1581 876 1585 ’

93 1667 136 1730 Et
149 1669 214 1728 fore
228 1665 394 1747 captivum,
407 1665 466 1723 uisi
479 1665 664 1744 poenituisset
676 1666 812 1747 iniquos,

92 1760 131 1823 ln
145 1759 273 1822 famulos
285 1757 351 1817 fieri
364 1777 493 1839 praesage
506 1777 580 1818 voce
592 1757 724 1828 lucutus3

92 1853 225 1917 Vincula
237 1853 311 1912 (lura
324 1849 408 1922 tulit,
429 1849 588 1928 squallenti
601 1871 722 1912 carcere
735 1853 870 1931 clausus,
926 1860 930 1867 '

91 1946 188 2028 lnque
202 1946 265 2006 luto
279 1943 362 2025 putei
376 1943 469 2008 fames
480 1943 576 2002 hausit
588 1944 688 2006 tahida
699 1947 848 2006 membra.
875 1998 878 2002 .

93 2040 156 2103 Setl
168 2052 326 2122 postquam
339 2058 404 2115 quae
416 2035 576 2096 noluerant
586 2038 708 2112 audire,
722 2041 888 2119 probarim

89 2134 191 2215 Atque
202 2133 302 2193 hostes
313 2131 447 2190 vinctum
461 2129 607 2209 populum
620 2132 728 2192 duxere
741 2134 920 2214 triumphis,

91 2227 228 2288 Horrida
241 2225 287 2284 rix
300 2223 421 2282 taudem
435 2222 531 2283 caruit
546 2241 598 2281 sua
611 2224 711 2283 <lextra
725 2227 853 2296 catenis3

89 2320 185 2382 Nulla
197 2329 296 2377 morte
307 2315 404 2374 virum
419 2326 550 2389 cunstat,
564 2336 662 2394 neque
676 2319 755 2377 crede
767 2333 966 2402 peremptum

89 2409 232 2474 Ezechiel
242 2409 334 2480 fidus,
347 2409 429 2467 dives
443 2407 490 2467 cui
502 2408 596 2490 gratia
607 2409 692 2468 verbi
767 2402 770 2407 ’

91 2476 243 2567 (ἶοηοεζεε
256 2513 318 2574 est,
332 2513 523 2580 peccatorum
537 2513 650 2562 secretu
662 2501 783 2577 videre,

88 2597 227 2659 Afflictus
237 2594 338 2675 lugere
348 2613 434 2667 suus,
449 2594 626 2672 veniamque
637 2595 774 2674 precari,

91 2689 225 2753 Cernere
238 2687 398 2747 vindictam
409 2697 581 2746 sauctorum
596 2687 676 2746 caede
688 2687 837 2764 scutrum,

87 2781 327 2858 Sanctorumque
342 2778 441 2838 locum
458 2779 555 2860 regui,
570 2780 726 2858 carnisque
739 2781 865 2853 salutern

88 2873 205 2956 Spiritu
215 2871 397 2954 implicitus,
411 2891 525 2952 gressus
536 2871 691 2949 aditusque
706 2873 818 2933 videre.

87 2966 188 3042 Osca,
201 2965 314 3039 Amos,
328 2976 359 3024 et
372 2961 523 3035 Micheas,
537 2962 626 3037 Joel,
642 2965 756 3038 Attia,
770 2965 889 3040 Jonas,

87 3061 186 3142 Atque
199 3057 300 3124 Naum
311 3101 320 3133 ,
333 3056 474 3131 Abacuc,
491 3052 680 3138 sophonias,
703 3058 902 3141 Aggceusque‚
