2018 3714
51 324 77 366 v.
98 324 147 386 ¹7·
233 278 496 366 xmassonem
513 311 604 364 mss.
620 310 685 364 ms.
702 311 748 364 iv.
874 303 934 362 255

53 407 157 491 Hujus
165 423 312 490 germano
325 425 425 466 rursus
437 405 580 468 sociabile
590 405 723 468 vinclum

52 498 190 575 Deberi,
203 497 321 582 generis
333 511 435 579 pereat
447 518 486 558 ne
499 498 602 578 portio
612 498 697 578 lapsi.

54 592 184 655 Finibus
196 592 229 652 in
241 590 352 651 nostris
364 603 480 672 septem
492 611 634 673 germana
647 591 766 653 suerunt

53 684 196 768 Corpora
206 707 215 744 :
225 684 280 746 sed
290 685 388 765 major
400 683 516 765 primns
529 704 600 744 mox
611 685 728 746 vineola
738 698 839 766 nuptae

51 777 211 860 sumpsit,
224 776 378 858 praeceleri
392 777 500 838 cecidit
511 779 565 838 sub
577 778 717 840 acumine
729 779 844 840 mortis.

49 869 128 933 Post
141 870 216 931 alius
228 868 320 931 frater
331 869 470 930 thalamis
482 871 547 953 sine
560 870 703 933 fructibus
715 870 812 932 isdem

49 962 222 1039 Concidit,¹
239 975 269 1024 et
281 963 380 1025 euncti
393 964 512 1045 jacuere
524 985 560 1024 ex
571 963 676 1024 ordine
689 964 803 1025 fratres.

48 1056 156 1118 Unius
168 1068 200 1116 et
210 1067 333 1118 cunctos
345 1053 433 1117 fletus
444 1077 586 1138 gemuere
603 1058 717 1118 maritae
732 1100 742 1132 ,
808 1065 819 1077 ·

51 1148 130 1231 Post
142 1150 239 1231 ipsam
252 1149 351 1229 rapuit
363 1147 469 1231 gelidae
481 1149 673 1212 inelementia
685 1149 800 1210 mortis.

52 1239 91 1304 Si
103 1243 224 1304 venient
236 1242 326 1324 igitur
336 1242 435 1304 cuncti
447 1243 502 1303 sub
516 1241 631 1303 lumina
644 1241 728 1318 vitae,

52 1336 151 1419 Cujus
166 1335 323 1398 connubiis
334 1334 445 1396 mulier
457 1335 609 1405 reddenda
624 1337 773 1418 resurget?

49 1429 118 1490 Illis
133 1427 269 1491 Christus
282 1429 323 1488 ait
336 1451 344 1488 :
358 1425 468 1489 Errori
481 1428 610 1489 obnoxia
622 1448 717 1510 pravo
765 1477 770 1491 ,

10 1561 12 1565 ν
49 1519 203 1605 Legibus,
218 1533 248 1583 et
260 1520 346 1603 jussis
358 1519 489 1581 Domini
500 1542 588 1582 mens
598 1523 672 1583 dura
685 1522 803 1583 resistit.

50 1614 199 1694 Namque
210 1615 362 1695 sequenda
372 1614 480 1676 dehinc
492 1614 566 1676 laetae
579 1614 729 1696 reparatio
743 1615 810 1676 vitae

53 1706 137 1768 Non
148 1707 294 1768 thalamos
307 1707 407 1782 novit,
421 1725 484 1767 non
495 1718 583 1768 terrae
593 1708 698 1790 gaudia
712 1727 786 1770 vana
800 1731 808 1767 ε

54 1799 120 1862 sea
133 1794 247 1863 similes
258 1799 373 1862 levibus
383 1799 529 1883 genitoris
538 1803 613 1882 justa
623 1801 768 1863 ministris

55 1891 235 1956 Constitnet
247 1894 330 1976 regni
343 1893 436 1955 virtus
447 1892 585 1955 sublimis
594 1896 626 1955 in
638 1893 713 1957 aula.

53 1985 125 2050 Nee
138 1985 228 2048 Deos
240 1985 362 2047 illorum
373 1987 532 2047 dominum
544 2006 701 2068 seponere
714 1985 844 2062 mavult,

56 2078 122 2165 Qui
135 2093 249 2141 terram
262 2079 354 2160 proni
366 2092 540 2142 meruerunt
550 2094 669 2140 sumere
680 2093 830 2154 mortem,

58 2170 235 2254 §euporius
248 2171 315 2234 vitae
328 2185 452 2254 possunt
465 2172 516 2252 qui
527 2172 679 2252 prendere·
690 2170 799 2234 lucem.
820 2181 823 2187 ’
884 2188 886 2192 ’

101 2263 183 2328 Ecce
195 2264 246 2325 alii
259 2266 407 2348 rogitant,
419 2286 486 2344 quse
497 2265 557 2326 sint
569 2264 741 2325 firmissima
753 2263 834 2350 legis.
907 2303 914 2317 ·
934 2269 937 2275 '

58 2358 116 2420 llle
129 2359 293 2426 indefessos
306 2359 381 2420 nulli
398 2379 540 2440 responsa
554 2359 679 2440 negabat
692 2381 699 2419 ι

59 2450 232 2515 Sublimem
244 2450 312 2514 eoeli
326 2452 485 2513 dominum
496 2451 616 2515 devotio
629 2446 728 2515 cordis

57 2532 193 2629 Dittgan
216 2558 259 2606 est
269 2545 325 2606 ista
337 2544 400 2608 haeo
412 2546 505 2606 virtus
518 2545 688 2606 firmissima
699 2543 780 2629 legis.
839 2574 841 2578 ·

60 2635 233 2701 Consimile
246 2650 292 2699 est
303 2634 352 2698 isti
365 2660 373 2697 ε
386 2635 499 2719 Magno
511 2649 669 2700 teneantur
681 2656 786 2699 amore
826 2682 829 2687 -

58 2731 108 2793 tta
120 2733 169 2814 jus
181 2730 347 2797 fraternum
357 2731 439 2812 justas
450 2730 615 2811 penetralia
626 2729 736 2791 mentis
750 2752 758 2790 ι
867 2802 869 2807 ,

57 2821 117 2886 llis
128 2823 242 2885 etenim
252 2821 380 2907 geminis
391 2822 562 2904 dependent
574 2822 677 2885 omnia
685 2821 781 2903 jussis

59 2914 123 2984 Sed
133 2916 223 2981 volus
233 2918 317 2998 cnjus
328 2915 447 2977 soboles
457 2929 582 2977 ventura
592 2915 712 2975 videtur

60 3007 202 3072 Christus
211 3028 327 3089 ,quem
339 3007 440 3071 onneti
450 3006 620 3089 spondent
611 3025 644 3066 tn
654 3003 732 3068 secla
746 3003 920 3114 l'ropltettei

58 3100 517 3188 amantissimorum
527 3117 767 3186 germanensem
