2046 3712
57 299 85 336 v.
100 275 174 349 341.
291 285 319 339 o
337 286 402 350 nu
420 286 439 340 s
459 285 654 341 conum.
878 278 939 364 479

57 379 192 464 Virginis
204 400 237 441 os
249 379 441 460 habitumque
454 401 558 464 gerens
572 423 581 456 ,
592 382 731 442 mirabile
744 382 841 460 dictu!

57 473 126 537 Nec
135 475 251 557 generis
261 475 358 534 nostri
370 495 515 556 puerum,
529 468 585 536 nec
596 476 743 558 sanguinis
755 478 826 538 edit.

57 567 120 630 Sed
134 568 202 648 quia
211 568 344 646 terrifico
359 569 531 630 cecinerunt
543 569 646 630 omine
661 580 740 629 vates

57 662 227 723 Adventare
241 662 338 724 virum
352 662 473 743 populis
485 661 629 741 terrisque
643 662 807 743 superbum
843 685 846 691 ’

58 753 183 817 Semine
196 756 234 816 ab
245 755 391 830 aethereo,
407 755 457 835 qui
471 755 582 817 viribus
593 767 719 836 occupet
730 756 855 832 orbem,

57 847 225 932 Imperium
239 868 370 924 oceano,
385 849 496 909 sarnam
507 850 558 929 qui
572 847 821 911 terminet'astris.

270 1015 307 1053 DE
325 1012 501 1058 olumnam
517 1013 583 1055 Jttstt
599 1012 723 1054 cnmsrt.

97 1126 232 1207 Jamque
243 1123 564 1208 aderatpromissadies
571 1168 580 1201 ‚
587 1144 648 1204 quo
655 1136 794 1205 tempore
800 1119 937 1204 primurn

58 1217 172 1280 Extulit
186 1239 218 1281 os
231 1220 468 1289 sacrnmdivinae
478 1218 580 1299 stirpis
593 1219 678 1300 origo

57 1311 155 1373 Missa
166 1314 220 1374 sub
233 1313 382 1394 imperio,
396 1313 536 1393 venitque
550 1312 581 1370 in
594 1329 723 1392 corpore
734 1307 826 1371 virtus

57 1405 157 1468 Itlixu
169 1405 257 1484 Deo,
271 1405 362 1468 subiit
374 1396 587 1489 unigenitoris
599 1405 707 1486 imago.

280 1558 500 1615 unvsrns'ns
522 1575 568 1613 nr
591 1571 723 1612 uasis.

103 1684 195 1746 Haud
209 1703 312 1759 mora,
328 1687 471 1746 continuo
485 1685 552 1746 coeli
569 1682 691 1766 regione
704 1690 810 1741 serena
860 1707 862 1720 ·
891 1713 894 1716 >

60 1778 267 1840 stellantem
280 1777 391 1840 ducens
403 1775 509 1859 magna
522 1797 591 1837 cum
607 1775 673 1857 luce
686 1772 809 1833 refulsit.
895 1798 896 1802 ¹

59 1872 220 1955 Agnovere
233 1869 336 1932 Deum
350 1889 507 1952 proceres,
522 1869 678 1945 cunctique
693 1875 817 1944 repente

60 1965 243 2027 Muneribus
256 1964 427 2042 tumulant,
441 1975 471 2022 et
482 1971 616 2022 sanctum
629 1957 709 2016 sidus
719 1955 853 2014 adorant.

61 2058 145 2120 Tum
158 2079 229 2120 vero
239 2058 397 2134 manifesta
409 2056 499 2130 fides,
514 2053 687 2129 clarumque
698 2060 831 2129 paternae

62 2152 190 2214 Nomen
202 2150 336 2226 virtutis,
353 2147 523 2227 Christique
537 2161 696 2228 agnoscere
708 2139 825 2214 vultum

63 2245 228 2330 flagrant,
242 2256 272 2305 et
284 2265 349 2323 quae
360 2244 430 2303 dent
442 2240 535 2303 divini
548 2238 630 2320 signa
640 2233 768 2297 decoris
864 2245 867 2249 '

210 2460 212 2464 ¹
239 2409 377 2449 atarmssn
397 2372 534 2446 annonam
551 2403 630 2464 narn
643 2397 782 2456 euersum

107 2523 249 2596 Protinus
261 2525 299 2583 ad
310 2541 410 2605 regem
424 2538 531 2602 magno
543 2516 675 2581 clamore
689 2515 839 2577 furentem
900 2507 907 2518 ’

66 2620 163 2682 Fama
174 2617 269 2694 volat,
281 2634 460 2699 magnasque
472 2612 550 2684 acuit
561 2611 734 2671 rumoribus
747 2609 823 2682 iras,

66 2712 263 2791 incenditque
275 2711 429 2783 animum,
446 2705 608 2783 matrisque
622 2701 759 2762 allabitur
772 2717 867 2759 aures.

67 2807 126 2870 llla
138 2805 244 2880 dolos,
257 2804 414 2881 dirumque
425 2799 509 2859 nefas
520 2797 599 2856 band
612 2792 704 2854 inscia
717 2810 819 2852 rerum
876 2802 880 2810 '

70 2897 247 2972 Praesensit‚
261 2908 417 2973 motusque
431 2887 659 2969 excepitprima
671 2885 786 2946 futuros

72 2984 202 3053 Praescia
213 2989 346 3063 venturi,
358 2985 462 3048 furtim
474 2981 626 3043 mandavit
636 2978 795 3052 alendum,

72 3084 161 3150 Dum
170 3104 248 3156 curae
260 3081 423 3166 ambiguae,
439 3078 511 3140 dum
523 3094 609 3165 mens
621 3082 756 3137 exaestuat
765 3070 819 3132 ira.
