2018 3714
14 269 52 310 a.
66 244 139 331 377.
235 255 477 317 mancunium
493 261 580 314 nrsr.
597 260 659 314 nn.
675 263 708 331 n,
816 230 823 241 ’
844 265 907 306 arr

25 351 191 415 Condere:
204 350 248 415 sic
258 352 361 414 vinum
374 367 549 416 conservant
560 354 649 414 sortia
659 372 739 414 vasa,

69 444 156 505 Talia
167 445 305 506 tractanti
316 442 468 526 perculsus
481 459 602 527 pectora
615 446 697 507 luctu

22 537 110 601 Ecce
123 539 311 599 sacerdotum
325 539 465 619 princeps
475 539 648 619 procumbit
660 539 802 612 adorans,

22 631 69 692 Et
79 631 138 692 sibi
151 629 343 705 defunctam,
356 625 455 691 sunus·
462 630 649 705 miserabile,
662 643 763 691 natam

25 725 180 805 implorat
191 720 376 807 lacrymans,
388 735 557 803 certamque
569 725 671 785 venire
684 723 818 784 salutem
838 784 841 789 .

25 817 191 881 Defunctis
202 816 294 877 etiarn
308 816 448 896 poscebat
459 837 584 877 munera
597 814 718 877 Christi.

26 910 124 971 Haud
137 928 242 984 mora,
258 928 436 991 consurgens
447 910 578 992 graditur
588 921 721 971 servator
732 905 826 970 lesusa

26 1002 187 1086 Progressi
199 1002 308 1062 mulier
319 1001 450 1080 sequitur
456 1002 582 1084 'vestigia
594 1022 728 1076 servans,

30 1094 292 1178 Quam-languore
302 1088 382 1177 grav'i
393 1094 440 1155 bis
451 1114 500 1154 sex
513 1093 679 1154 labentibus
691 1095 777 1155 annis

31 1185 188 1269 Carpebat
200 1185 292 1248 fluxus
302 1231 318 1263 ,.
334 1187 466 1249 lacerans
475 1186 539 1246 sine
552 1187 629 1260 fine,
644 1187 773 1263 cruoris,

30 1278 158 1341 Viribus
168 1280 350 1360 absumptis,
373 1292 401 1340 et
414 1291 479 1339 toto
492 1299 620 1360 corpore
632 1279 750 1340 fessam.

28 1369 166 1435 Pectoris
176 1373 241 1433 haec
252 1373 370 1441 tacitam
384 1371 520 1432 volvebat
532 1372 656 1433 credula·
664 1384 799 1433 mentem

24 1465 169 1541 Arcano,
183 1485 342 1544 secumque
353 1466 411 1528 tue
424 1467 485 1546 j'em
499 1477 578 1525 certa
591 1466 737 1539 tenebat,

28 1559 175 1620 Actutum
187 1557 263 1619 tesso
277 1557 389 1638 sugeret
401 1557 620 1638 quod'corpore
632 1559 741 1632 tabes,

28 1649 211 1714 Extremam.
218 1646 330 1712 Christi
345 1663 442 1730 posset
453 1651 477 1710 si
491 1663 609 1734 tangere
623 1663 745 1712 vestem.

28 1742 108 1805 Haec
117 1742 170 1803 ubi
182 1763 237 1824 per
249 1743 518 1824 populum-summi
531 1744 692 1823 pendentia
705 1741 789 1824 pepli

26 1835 98 1895 Pila
112 1854 203 1895 manu
214 1836 331 1917 trepida
344 1836 494 1910 tractavit,
507 1837 643 1917 protinus
657 1836 707 1896 ille

23 1926 66 1989 Et
77 1947 182 1989 causas
193 1929 311 2003 morbi,
326 1940 354 1988 et
368 1930 518 1989 credentia
528 1941 654 2009 pectora.
663 1948 805 2004 cernens„

25 2019 190 2083 Concessit
201 2020 330 2082 celerem
341 2021 394 2081 tali
405 2041 473 2081 cum
486 2040 560 2082 voce
573 2019 720 2080 salutem:
867 2018 870 2022 ’

22 2113 160 2194 Accipe,
175 2114 256 2192 quod
270 2113 378 2173 meruit
391 2113 460 2171 fidei
474 2113 655 2185 constantia,
680 2131 810 2184 munus,

24 2204 66 2264 Et
79 2225 152 2269 mox
164 2205 298 2266 restricto
311 2194 469 2287 viguerunt*
477 2207 617 2287 sanguine
630 2225 722 2265 venae.

26 2292 191 2375 Postquam
204 2310 379 2378 perventum
394 2310 452 2370 est,
467 2297 519 2357 ubi
533 2298 635 2358 funera
648 2296 767 2379 virginis
780 2296 885 2380 ingens

24 2387 198 2470 Plangentis
209 2390 315 2470 populi
328 2389 482 2463 fremitus,
497 2390 832 2472 clangorque-tubarum.

22 2470 305 2562 Ultimasupremae
318 2482 507 2544 celebrabant
517 2504 641 2544 munera
655 2505 774 2565 pompae
786 2506 804 2543 ι.

22 2574 213 2647 Abscedent,
227 2575 338 2653 inquit,
355 2575 440 2636 tectis
452 2576 515 2636 hoec
528 2577 619 2636 tristia
634 2578 745 2637 vestris.

22 2663 169 2751 Namque
181 2665 282 2747 puella
291 2669 367 2749 jacet
378 2668 500 2747 placido>
510 2669 644 2729 demersa
657 2689 766 2748 sopore
775 2689 792 2744 ,·.

22 2757 212 2838 Defunctam
224 2772 305 2819 retur
317 2758 440 2818 {lentum
454 2781 543 2838 quam
557 2763 655 2822 nescia
669 2760 779 2839 plebes.

23 2848 111 2910 Talia
124 2851 277 2911 dicentem
290 2851 439 2911 ridentum
452 2853 539 2911 turba
551 2852 685 2930 reliquit,

26 2941 118 3020 Quod
130 2955 230 3002 morte
244 2943 398 3022 abreptam
412 2942 484 3001 dixit
496 2944 629 3003 dormire
642 2940 793 3022 puellam..

27 3031 90 3099 Sed
100 3032 241 3115 Christus
252 3033 325 3099 tubi
336 3035 455 3111 uictor,¹
463 3035 587 3117 vitaeque
601 3045 740 3118 repertor
