2046 3712
80 284 143 357 324
407 278 470 335 CA
488 283 558 335 not
575 282 643 335 ΕΝ
833 276 935 365 unte

84 385 201 450 Omnia
212 394 277 445 tum
290 377 404 464 juvenis
417 378 567 461 signanter
579 375 685 439 clausa
699 378 829 457 revelat,

82 481 160 541 Tres
173 478 281 539 fundos
290 489 350 536 tres
361 493 424 535 esse
438 471 521 548 dies,
534 470 646 550 quibus
659 470 716 533 iile
728 474 832 535 secutis

84 574 236 635 Amissum
250 589 350 631 rursus
361 565 489 649 relegat,
505 576 685 646 repetatque
697 565 847 644 favorem,

84 666 233 727 Mixturus
248 662 389 745 placido,
405 680 470 738 quae
483 658 579 733 vidit,
594 658 709 739 pocula
722 661 796 743 regi.

86 760 158 822 Hoc
172 770 286 818 tantum
298 754 414 815 meritis
425 772 482 834 pro
496 750 606 811 talibus
620 751 728 828 effice,
744 754 830 831 dixit,

85 851 149 926 Ut,
165 859 363 929 comsumpta
376 846 430 906 tibi
443 845 534 905 fuerit
548 844 659 907 fiducia
670 846 775 923 sandi,

85 944 251 1005 Dimoveas
262 953 395 1002 nostram
407 938 491 1000 nullo
505 938 542 999 de
555 937 688 1000 crimine
702 960 834 1020 poenam.

88 1036 220 1098 Hebraea
231 1056 303 1118 gens
316 1033 394 1095 dieta
406 1033 492 1094 mihi.
502 1030 588 1093 Nam
601 1032 745 1095 venditus
755 1034 834 1097 exsul

90 1129 229 1191 Crimine
244 1128 377 1189 fraterno
390 1127 533 1189 servitum
547 1126 662 1187 nobilis
677 1127 732 1189 ivi.

91 1222 164 1284 Post
177 1223 241 1284 baee
253 1222 316 1282 visa
328 1220 386 1281 sibi
400 1220 548 1301 pistorum
561 1218 714 1281 maximus
726 1221 811 1285 infit:

88 1315 212 1377 Vertice
223 1315 302 1375 trina
314 1334 385 1375 meo
399 1313 477 1374 visus
489 1326 602 1396 gestare
616 1314 766 1390 canistra,

90 1408 232 1491 liegifieis
242 1409 385 1489 dapibus,
400 1407 541 1486 laetoque
556 1406 687 1488 impleta
699 1422 825 1489 paratu,

90 1499 250 1586 Unguibus
264 1504 429 1562 innumere
441 1500 579 1569 volueres
592 1522 661 1579 quae
678 1516 770 1584 rapta
781 1502 898 1565 ferebant.

91 1596 150 1657 His
164 1597 268 1671 dictis,
281 1609 324 1656 sat
338 1615 407 1656 vero
419 1594 561 1674 quidem,
575 1595 630 1653 sed
642 1594 721 1655 dura
733 1596 883 1677 loquente,

92 1688 286 1751 blactandum
301 1690 375 1748 duro
389 1700 510 1748 testatur
523 1706 593 1747 mox
603 1686 669 1748 fore
684 1688 793 1765 ferro,

91 1782 294 1860 Avulsumque
308 1794 398 1862 eaput
407 1781 557 1864 figendum
570 1779 671 1861 stipite
685 1783 788 1858 celso,

94 1876 186 1952 Quod
200 1875 337 1935 volueres
348 1895 438 1935 curvo
451 1876 617 1955 discerpant
630 1877 773 1956 protinus
785 1898 848 1938 ore.

93 1968 238 2029 Redditus
252 1968 403 2043 illelom,
419 1988 509 2030 coesus
518 1968 568 2030 bie
581 1988 713 2050 corpore
728 1984 835 2035 trunco
847 1982 893 2031 est.

498 2113 565 2175 XL.

96 2244 211 2304 interea
224 2245 361 2327 geminos
372 2247 432 2325 jani
447 2256 583 2325 temporo
596 2243 679 2325 lapsa
692 2266 751 2325 per
764 2266 874 2323 annos,

94 2338 207 2397 Rursus
219 2339 256 2396 ud
269 2336 351 2397 Eoos
366 2338 545 2416 torquebant
557 2338 653 2397 sidera
667 2356 790 2416 cursus,

94 2426 219 2488 Somnia
233 2451 301 2491 eum
316 2433 422 2492 ductor
433 2431 506 2490 vidit
520 2430 669 2491 Nilotieus
682 2431 747 2491 ista.

93 2519 234 2599 Namque
247 2522 421 2597 videbatur,
437 2524 560 2583 fluvium
571 2524 642 2583 dum
657 2537 773 2603 spectat
786 2546 944 2601 amoenuru,

93 2611 282 2693 Corporibus
295 2616 397 2675 nitidis
410 2630 525 2696 septem
539 2629 671 2697 spectare
683 2619 842 2697 juvencas,

92 2704 264 2767 'fundentes
278 2708 364 2767 viridi
379 2712 522 2790 pupantia
533 2711 666 2794 gramina
679 2713 756 2791 ripn.

44 2831 47 2837 =
94 2797 152 2858 llis
165 2800 237 2859 elias
251 2814 351 2881 turpes
366 2805 477 2865 macies
489 2805 665 2887 subjungere
678 2826 812 2886 gressus,

91 2888 234 2970 Dumque
246 2895 306 2953 suis
319 2895 411 2979 pigre
424 2898 551 2957 nurum!
567 2901 614 2958 vir
626 2900 739 2959 ossibus
754 2901 869 2962 herent
882 2945 891 2979 ‚

91 2978 224 3043 Exinrias
238 2988 340 3064 patulo
355 2991 517 3051 sorbebant
531 3013 583 3052 ore
597 2995 744 3072 juvencas.

89 3070 218 3137 Somnia
228 3082 390 3163 junguntur
400 3085 524 3165 paribus
536 3107 598 3147 nou
611 3088 729 3148 dissona
742 3090 857 3162 causis;
