2046 3712
103 271 163 345 nlo
401 282 432 335 C.
449 283 482 335 V.
499 283 531 335 A.
547 274 707 337 JUVENGI
864 266 923 353 tlp

101 375 198 436 Instar
211 394 276 453 quse
289 372 410 435 minimi
422 387 522 456 posset
535 388 678 456 prestare
690 373 828 457 sinapis,

102 469 190 529 lstius
202 467 274 528 hinc
286 470 397 529 montis
407 468 534 549 possetis
545 468 657 532 vellere
670 469 786 545 verbo,

102 561 197 640 loque
211 559 283 621 alias
297 562 381 621 sedes
395 574 532 623 cunctam
543 562 751 624 transvolvere
763 560 882 625 moun.

101 654 131 713 N
136 674 184 714 am
196 674 287 735 genus
300 655 358 715 hoe
370 654 472 714 morbi
485 655 625 734 precibus
636 655 703 716 sine
716 654 923 739 linendaque,

99 745 257 825 Multaque
272 747 387 808 robusti
398 748 512 828 jejunia
524 748 655 828 pectoris
668 762 787 811 arcent.

140 838 214 898 lnde
229 836 440 920 Capharnanm
453 840 591 922 grediens
603 855 788 921 pervenerat
800 860 875 905 oras.

100 931 278 994 Convenere
292 929 437 1006 Petrum,
454 932 562 1011 quibus
574 933 663 995 instat
677 954 750 995 cum
762 934 883 1011 tributi,

99 1024 223 1086 Solvere
239 1037 396 1105 poscentes
407 1025 530 1087 solitum
543 1047 600 1108 pro
614 1027 743 1089 nomine
755 1024 879 1091 Christi.

96 1118 152 1178 llle
165 1120 216 1178 sed
229 1119 266 1177 ad
278 1114 403 1187 Petrum
415 1137 594 1193 conversus,
608 1118 680 1179 talia
693 1119 799 1181 satur:

96 1211 174 1287 Dic,
189 1212 302 1291 inquit,
313 1231 413 1294 reges,
434 1231 564 1291 quorum
576 1214 751 1293 dependere
765 1226 871 1291 natus,

96 1304 261 1378 Externos,
275 1304 455 1384 propriosne
468 1303 528 1365 sibi
539 1306 651 1385 jussere
662 1304 803 1367 tributa?

96 1395 268 1478 Respondit
282 1394 404 1458 Petrus:
418 1394 545 1457 Alienos
556 1396 672 1458 solvere
687 1411 811 1459 certum
823 1410 873 1461 est.

98 1490 221 1564 Cernis,
236 1489 276 1548 ait
292 1486 443 1565 Christus,
456 1501 558 1550 natum
570 1510 632 1551 non
644 1489 763 1551 solvere
776 1492 878 1575 regisl

95 1583 157 1645 Sed
169 1604 207 1643 ne
220 1604 311 1662 quem
322 1582 445 1656 lesdam,
465 1596 650 1663 praeceptum
661 1583 788 1665 suscipe
796 1594 921 1645 noum

94 1675 143 1736 En
157 1677 247 1736 maris
265 1675 404 1737 undisoni
415 1694 583 1754 rupes-quae
594 1675 867 1754 proditinaltum,

95 1767 258 1831 Scandatur
271 1769 326 1828 tibi
339 1787 471 1842 summa,
490 1764 619 1843 Simon,
642 1768 811 1849 hamusque
827 1766 923 1852 proin

95 1861 229 1922 Stamine
240 1875 369 1922 setarum
382 1880 529 1922 connexus
544 1861 758 1941 praecipitetur.

95 1954 223 2016 llaeserit
237 1968 265 2015 et
278 1975 368 2015 curvo
381 1954 432 2034 qui
446 1954 561 2033 primus
572 1954 710 2016 acumine
724 1954 837 2034 piscis,

94 2048 191 2129 Hujus
201 2049 371 2129 pandantur
383 2047 464 2107 scissi
476 2047 641 2127 penetralia
655 2048 778 2108 ventris.

92 2141 158 2203 lllic
170 2143 323 2201 inventum
338 2138 447 2218 duplex
460 2139 587 2200 dissolve
600 2140 757 2199 tributum.

132 2232 282 2312 Discipuli
296 2244 362 2311 post
374 2232 444 2291 inde
455 2244 574 2312 rogant,
589 2232 656 2309 quis
668 2232 819 2295 maximus
829 2232 887 2295 alto

90 2327 125 2385 ln
139 2326 203 2387 coeli
218 2345 309 2406 regno
324 2324 438 2384 meritis
452 2344 508 2405 pro
523 2324 659 2402 qualibus
672 2338 757 2385 esset.

89 2419 169 2479 'l‘um
186 2415 320 2478 Christus
331 2417 431 2477 medio
446 2437 572 2497 puerum
585 2417 748 2478 consistere
762 2408 842 2479 coetu

91 2511 247 2591 Praecipit,
263 2522 291 2570 et
304 2510 422 2590 placido
435 2511 541 2572 doctor
551 2531 691 2571 sermone
708 2511 867 2591 profatur:

90 2605 225 2685 Quisque
240 2603 320 2683 cupit
333 2603 443 2664 celsam
455 2602 523 2665 coeli
533 2604 738 2665 conscendere
750 2604 872 2680 sedem,

88 2701 135 2760 En
149 2701 234 2779 hujus
247 2698 331 2778 pueri
344 2696 474 2756 similem
488 2717 519 2756 se
531 2697 642 2777 fingere
656 2708 769 2756 certet:

87 2793 208 2852 Erroris
222 2792 341 2870 laqueos
354 2788 438 2850 seclis
449 2789 616 2849 increscere
629 2800 744 2849 certum
758 2800 814 2849 est.

87 2884 147 2944 Sed
161 2897 261 2942 tamen
275 2881 391 2955 infelix,
404 2901 459 2960 per
471 2901 561 2958 quem
573 2879 765 2961 generabitur
776 2898 870 2943 error.

86 2977 150 3055 Qui
164 2996 234 3035 vero
247 2997 262 3034 e
276 2974 373 3054 parvis
386 2973 448 3032 istis
460 2972 612 3052 deceperit
625 2992 738 3047 unum,

82 3068 119 3130 Si
130 3069 242 3150 sapiat,
258 3078 354 3130 nectat
364 3084 432 3128 saro
445 3086 497 3128 sua
510 3065 588 3127 colla
599 3065 726 3140 molari,
