2046 3712
57 267 187 336 mad„
415 283 439 335 ο
457 286 478 338 Ρ
497 284 560 337 ult
576 286 611 340 lt.
672 306 674 310 ⁸
888 277 956 352 ill<

57 368 199 457 Effugit,
213 392 248 436 ae
257 373 335 436 solas
344 373 413 438 loca
423 380 520 439 tendit
531 381 570 440 ad
583 379 663 443 invia
676 393 794 459 terrase

57 462 102 529 ln
114 468 181 548 quis
191 487 223 528 se
233 480 349 529 tantum
363 491 448 531 meus
462 473 621 554 impolluta
635 476 774 553 videret,

63 554 239 641 liberaque
249 583 267 622 a
278 565 372 639 euris,
384 585 467 627 sacre
477 569 514 626 ad
527 582 678 648 praecepta
687 570 816 632 taceret.
851 584 853 589 '

65 648 243 717 Vestis'erat
256 657 339 717 curvi
350 658 419 718 setis
431 675 567 721 conserta
579 663 690 722 cameli
702 707 714 738 ,
776 699 779 703 -
867 669 869 674 '

71 741 184 811 Contra
197 748 342 811 luxuriem
357 751 464 811 molles
475 754 594 814 duraret
605 767 636 815 ut
648 769 728 816 artus
741 798 752 832 ,

68 836 252 921 duceretque
264 862 368 924 graves
380 859 562 926 compuncto
576 869 704 929 corpore
716 868 847 923 sumnus.
875 891 878 895 -

69 926 158 996 Hune
170 934 238 999 vitis
251 936 360 1018 rigidos
373 938 410 996 ad
423 938 542 999 lumbos
555 961 632 1000 zona
646 942 775 1024 ligabat:
841 960 845 968 ·

65 1018 244 1090 thebant
258 1029 369 1090 victum
383 1030 501 1093 facilem
515 1032 659 1093 silvestria
673 1034 785 1109 melta,
854 1021 864 1041 ⁸

62 1113 242 1203 Pomaque,
257 1137 285 1183 et
300 1125 525 1186 incultiseuatae·
535 1127 668 1189 cautibus
678 1127 803 1204 herbae,

57 1213 269 1297 Arentemque
282 1217 363 1278 sitim
376 1219 766 1281 decurrens-undulevabet.
807 1230 811 1240 “

98 1311 185 1391 Quis
198 1311 281 1373 loeus
292 1311 341 1373 hic
354 1311 453 1373 vitiis?
466 1313 578 1374 aditum
594 1330 787 1394 quempreva
800 1312 920 1394 cupidu-

57 1397 181 1467 lnvenit
191 1405 254 1469 hec
267 1404 345 1464 iuter
358 1425 440 1467 sacra
452 1407 488 1465 ad
500 1405 665 1486 penetralia
679 1407 814 1467 meutisi‘

57 1494 274 1579 Quo-peccet,
289 1499 340 1576 qui
353 1497 397 1557 uil
408 1498 524 1578 cupiat?
538 1518 598 1577 quo
611 1499 713 1559 tendat
725 1498 822 1578 iniqui

57 1587 96 1657 ln
107 1591 241 1652 latebras
252 1591 515 1675 sensum-quisquis
528 1612 590 1652 uon
601 1591 713 1675 indiget
723 1590 805 1652 ullo?

57 1682 114 1749 Sic
130 1684 225 1765 primi
237 1684 335 1746 vixere
348 1684 505 1759 homines,
522 1687 694 1766 mundoque
709 1685 827 1747 receuti·

57 1776 132 1841 llos
146 1784 251 1840 a'e'ctor
263 1778 386 1839 dederat
398 1789 522 1838 ventum
532 1778 563 1840 in
576 1778 679 1841 seculu—
689 1798 790 1840 mores
802 1799 811 1836 ε

57 1868 195 1932 inseruit
209 1871 307 1932 donee
319 1891 387 1931 sese·
395 1869 566 1932 malesuada
580 1871 736 1952 voluptas,

57 1965 107 2028 Ae
121 1984 224 2026 seeum
237 1963 320 2024 luxus
333 1977 362 2024 et
374 1982 512 2024 amorem
523 1964 634 2024 invexit
645 1963 795 2024 habendi:
894 1994 898 2006 ι

57 2057 148 2120 Hinc
161 2056 249 2133 odia,
263 2056 334 2118 hine
344 2055 431 2133 lites,
445 2057 517 2117 hine
528 2056 625 2133 fraus,
640 2056 711 2117 hinc
723 2053 805 2117 livou
816 2067 845 2115 et
857 2055 933 2131 irae4
1016 2134 1019 2140 .

58 2148 185 2224 (laedes,
200 2168 303 2222 arma,
317 2169 425 2225 eruor,
439 2148 614 2221 conflictus,
632 2148 756 2234 puelle,
770 2160 906 2221 mortes,
945 2170 949 2189 ·

59 2242 148 2310 Hine
159 2241 275 2303 offensa
288 2241 370 2317 Dei,
385 2262 475 2321 quum
487 2254 596 2304 tartara
608 2258 684 2302 saeva
697 2240 833 2322 piabunt.

101 2333 222 2396 Verum
235 2354 290 2418 ego
304 2355 357 2396 eur
368 2335 499 2398 nimium
508 2326 689 2399 communes
703 2350 793 2416 arguo
806 2331 931 2410 culpas,

59 2429 232 2493 Immemor
243 2429 307 2509 ipse
319 2429 400 2504 mei,
414 2449 509 2508 quem·
517 2449 580 2488 nou
593 2426 754 2489 commissa
766 2430 908 2510 grauate,

61 2521 126 2584 Sed
136 2521 255 2586 veniam
267 2540 389 2602 sperate
400 2522 507 2583 decet?
520 2521 700 2581 mirabimur
714 2520 784 2580 ime

60 2612 189 2679 Rectius
201 2658 210 2690 ‚
223 2615 367 2680 invictum
379 2657 388 2689 ‚
402 2614 537 2694 nullique
547 2613 696 2676 imitabile
708 2612 802 2693 prisci

61 2707 247 2789 Exemplum
258 2707 330 2770 secli
342 2750 352 2784 ,
366 2721 582 2790 transgressum
592 2707 726 2768 humana
735 2705 856 2779 labore,
920 2728 923 2735 ·

62 2799 300 2882 Semideumque
313 2802 432 2874 virum,
444 2800 496 2883 qui
511 2800 583 2861 labe
591 2799 736 2859 immunis
748 2797 786 2857 ab
799 2797 891 2858 omni
920 2792 925 2806 ”

65 2893 149 2958 Cum
162 2915 215 2956 sua
228 2908 289 2955 tam
302 2894 386 2956 saevis
399 2892 542 2962 cruciarit
554 2909 683 2971 corpora
693 2889 808 2971 poeuis,
962 2892 964 2903 '

65 2985 270 3070 Praescripsit‚
284 2987 356 3067 quid
370 3006 426 3046 nos
438 2985 486 3046 vel
497 2995 565 3064 post
578 2995 700 3063 peccata
712 2983 841 3045 deceret.

64 3079 280 3166 At-pestquam
291 3081 433 3163 iuvietem
447 3078 569 3145 liumus
579 3097 635 3160 per
649 3074 890 3150 taliamentum,

844 3344 848 3370 l
926 3364 930 3370 .
