2046 3712
94 279 153 321 no
316 265 458 319 CLAUDII
473 266 576 320 tumul
595 266 767 323 VICTORIS
875 278 900 321 π.

89 361 132 424 Et
144 360 256 424 celeres
265 360 382 420 animos
395 360 459 420 visu
472 380 562 440 snper
575 374 654 438 astra
666 362 788 423 daretur

90 453 184 516 Posse
196 454 296 533 sequi,
312 453 369 514 late
381 453 495 513 circum
505 473 619 533 perque
633 454 737 515 omnia
752 455 838 515 suso:

91 547 161 608 Hos
174 568 228 630 ego
242 567 295 608 cur
306 545 409 607 oculos
421 559 472 605 tua
482 547 635 624 quondam
649 567 758 609 arcana
770 560 900 625 tuentem.

88 640 151 701 Vel
162 643 224 722 jam
236 661 298 701 non
309 640 426 712 habeo,
441 636 489 698 rel
503 659 609 722 magna
623 644 657 700 e'x
671 642 900 720 parteminntm

88 735 131 796 Et
143 748 223 796 retro
237 734 351 795 clausos
361 733 473 793 terreni
487 722 615 794 carceris
624 735 735 796 antro?

89 828 136 889 Ut
145 831 206 910 jam
217 827 261 886 nil
274 827 337 888 veri
347 818 457 906 praet‘er
470 826 610 886 mortalia
622 826 781 906 quaedam,
794 841 826 888 et
897 858 900 889 ι

88 919 184 983 Plura
194 921 295 979 videre
307 920 427 992 datum,
442 938 477 979 ac
487 921 634 980 mundum
648 919 680 978 in
691 921 800 1000 pejora
808 920 900 983 labat!

87 1015 187 1094 Atque
197 1013 268 1072 ideo
281 1009 504 1092 Omnipotens,
517 1012 570 1090 qui
580 1032 700 1092 semper
709 1025 792 1073 totus
805 1010 900 1095 ubiqa't

86 1109 136 1169 Ad
150 1120 178 1168 te
191 1106 395 1188 confugimus,
408 1106 526 1186 trepida
536 1118 566 1165 te
579 1118 681 1165 mente
694 1126 876 1185 precamur,
893 1130 899 1169 r

86 1199 203 1261 Exaudi
216 1199 359 1272 miseros,
373 1218 448 1276 quos
460 1219 582 1278 semper
595 1199 693 1260 remis
707 1211 738 1258 et
750 1201 858 1279 andis,

89 1292 170 1355 Cum
183 1313 232 1352 me
245 1290 320 1351 olim
332 1291 409 1371 parti
423 1291 568 1350 damnatae
582 1303 741 1363 annectere
752 1292 849 1355 vellet
894 1326 899 1339 ·

87 1386 143 1447 Ille
157 1397 245 1465 caput
256 1382 420 1457 scelerum,
435 1383 540 1442 mundi
552 1383 770 1445 infensissimus
782 1385 900 1462 hostimi

86 1477 144 1540 Nil
157 1499 212 1559 per
224 1476 381 1550 seculum,
396 1496 435 1535 ne
446 1475 540 1536 victus
553 1478 695 1550 cederet,
707 1496 819 1551 ausus,
893 1494 900 1547 t

88 1570 243 1652 Serpentis
254 1570 384 1630 formam
396 1569 565 1648 accipiens,
580 1582 609 1630 et
621 1570 756 1652 conjugis
767 1569 823 1633 illa
865 1608 872 1617 ·
896 1576 900 1631 i

85 1665 182 1724 Arma
194 1684 286 1738 meae,
301 1663 376 1721 doro
389 1660 520 1722 confecit
531 1660 672 1735 vulnere,
686 1662 731 1722 sic
742 1683 802 1725 noe
880 1688 900 1727 :t

85 1757 218 1818 Artificis
229 1755 376 1817 scelerum
388 1752 468 1815 lraus
480 1753 644 1833 improvisa
655 1755 781 1836 subegit.
894 1780 900 1815 r

89 1847 227 1928 Cumque
239 1870 293 1930 ego
306 1849 465 1906 damnarer
477 1848 552 1926 justa
565 1866 622 1927 pro
636 1847 766 1908 crimine
780 1870 883 1930 poena,
896 1872 900 1903 ι

87 1943 217 2025 Agnovit
228 1941 347 2020 culpam
358 1953 440 2000 tanto
454 1960 539 1998 mens
553 1940 611 2001 icta
624 1940 749 2017 dolore,
895 1966 900 2003 ι

84 2033 133 2094 Ut
144 2035 219 2093 mihi
232 2054 281 2092 me
293 2035 329 2093 de
341 2054 390 2092 me
403 2052 523 2112 poenam
538 2032 672 2112 praebere
686 2047 839 2113 putarem.
895 2054 900 2127 p

87 2128 205 2189 Idcirco
219 2140 248 2187 et
260 2126 386 2209 gemitus
397 2145 492 2205 poenae
504 2166 513 2197 ‚
526 2124 730 2207 lacrymasque
744 2128 866 2209 negavi,
895 2136 900 2203 1

22 2212 25 2219 ’
87 2220 309 2301 Amplexusque
320 2220 422 2277 animo
435 2217 538 2277 solatia
553 2218 649 2279 dulcia
662 2240 780 2299 poenae,

88 2312 179 2374 Hanc
187 2313 282 2392 ipsam
295 2312 425 2391 posthaec
436 2331 517 2370 sacra
531 2312 609 2370 inter
621 2332 748 2371 munera
759 2306 882 2395 ponens¹

88 2404 151 2465 Pro
164 2405 250 2465 venia
263 2403 382 2464 sceleris
396 2427 402 2462 ε
419 2424 480 2463 non
493 2405 555 2483 jam
567 2405 700 2465 detrecto
714 2403 855 2483 labores,

89 2496 292 2576 Quoscunque
304 2496 452 2556 addideris
465 2541 473 2570 ‚
487 2510 588 2557 tamen
603 2499 717 2558 interea
728 2501 872 2585 optimej

89 2589 122 2650 si
135 2593 230 2671 juvat,
246 2590 348 2649 exaudi
361 2589 404 2648 nil
416 2591 446 2649 in
458 2602 507 2650 tua
520 2592 596 2672 jussa
610 2604 777 2671 precantes.
892 2600 900 2651 l

86 2682 156 2744 Nec
168 2685 228 2762 jam
242 2684 318 2743 istud
330 2683 470 2766 lacrymis
481 2698 511 2745 et
522 2699 624 2745 moesta
638 2707 711 2747 voce
724 2707 900 2767 precamurr

87 2776 110 2834 J
112 2777 202 2837 udicii
216 2797 338 2837 censura
350 2777 394 2836 tui
406 2799 465 2857 quo
478 2799 509 2838 se
522 2780 573 2838 illa
584 2779 728 2853 resolvat,

87 2868 165 2928 'l'ota
180 2871 232 2928 sed
244 2883 276 2928 ut
287 2869 391 2950 plenas
402 2883 501 2931 teneat
512 2872 657 2932 sententia
671 2874 758 2933 vires.

87 2960 110 3018 J
112 2962 207 3021 ussisti
219 2975 301 3022 mota
314 2963 424 3024 victum
437 2985 487 3024 me
501 2987 633 3045 quaerere
646 2965 748 3047 gleba,

87 3051 128 3113 Et
140 3055 254 3116 steriles
265 3056 365 3138 spinas
375 3077 476 3137 sparsa
489 3080 546 3137 pro
557 3058 640 3140 lruge
652 3060 791 3121 levandas
