2046 3712
70 286 182 369 uffa
335 336 337 340 ,
418 294 612 350 OPEssn

71 387 112 450 Μ
125 390 200 450 mihi
213 389 258 450 vir
271 387 331 449 alto
344 389 418 448 vada
431 410 486 469 per
497 410 597 450 saxosa
610 386 760 470 profundo
777 383 781 397 ⁴
876 400 879 408 ’

73 478 169 544 Rarus
180 483 212 541 in
226 483 349 543 obscura
361 495 517 564 generatur
529 483 712 566 sphondylus
725 481 798 564 alga.

73 571 155 637 Hinc
167 589 195 636 te
209 575 407 656 participans,
421 576 467 635 bis
479 577 609 655 quinque
623 589 652 636 et
662 577 709 635 bis
722 577 776 636 tibi
790 588 896 635 ternas⁸

62 663 238 730 ‚Transmisi
247 689 390 748 aequoreo
404 671 571 730 redolentes
584 683 701 730 nectare
716 681 821 742 testas,

59 755 64 761 ⁸
77 759 159 841 Quas
170 764 264 847 viscus
278 761 426 842 praedulce
439 762 537 842 replet
548 763 683 824 bicolore
695 761 835 822 medullas

77 853 143 917 Oro
156 857 252 918 libens
265 876 363 916 sumas
377 880 384 916 ε
398 878 454 918 nec
467 856 537 916 vilia
550 857 733 936 dedigneris,

76 948 152 1030 Quae
163 963 231 1011 suut
242 969 338 1032 parva
348 951 458 1025 modo‘,
475 969 582 1032 magno
597 950 715 1009 metitus
730 942 843 1009 ‘amorre⁴

340 1102 473 1154 ORATIO
498 1101 547 1152 At)
572 1101 684 1153 DEUllll.

72 1216 293 1301 Onnnuu'ms
305 1239 423 1322 genitor
435 1283 443 1315 ‚
458 1260 565 1300 rerum
575 1239 621 1300 cui
635 1250 888 1319 summaputestas
900 1281 907 1311 ‚

70 1330 207 1409 Exaudi,
222 1333 247 1394 si
258 1335 335 1416 justa
347 1353 475 1414 precum
487 1353 525 1392 ne
538 1333 576 1392 sit
587 1332 661 1391 mihi
677 1332 765 1392 tristis

70 1421 148 1485 Ulla
160 1425 239 1487 dies:
253 1425 404 1507 placidam
415 1445 475 1486 nux
488 1439 609 1506 rumpat
622 1425 703 1485 nulla
717 1425 857 1504 quietem.

70 1517 142 1582 Nec
155 1519 399 1602 placeantaliena
411 1519 504 1579 mihi:
519 1520 590 1598 quin
606 1531 635 1579 et
648 1538 716 1578 mea
728 1517 845 1598 prosint

72 1610 286 1694 Supplicibus;
301 1612 457 1691 nullusque
470 1613 577 1672 habeat
591 1612 665 1671 mihi
679 1625 747 1672 vota
758 1611 903 1687 nocendi,

71 1705 137 1768 Aut
148 1706 256 1767 habeat
267 1706 404 1767 nocitura
415 1705 500 1775 milii.
515 1704 598 1767 Male
611 1705 686 1766 velle
698 1705 819 1766 facultas

72 1798 169 1860 Nulla
179 1799 216 1877 sit
230 1823 240 1858 :⁴
252 1812 281 1859 at
292 1800 472 1880 beneposse
486 1799 561 1860 adsit
571 1799 735 1878 tranquilla
743 1811 884 1880 potestas>

74 1891 167 1954 Mens
179 1905 319 1956 contenta
331 1913 402 1968 suo,
416 1911 473 1953 nec
484 1892 564 1973 turpi
576 1892 675 1953 dedita
686 1891 789 1967 lucro,

73 1983 187 2048 Vincat
197 2005 374 2068 corporeas,
388 1998 467 2047 casto
481 1985 558 2046 bene
573 1985 691 2047 conscia
704 1984 801 2058 lecto,

72 2077 253 2154 lllecebras,
266 2081 545 2159 turpesquejocus,
561 2078 748 2156 obscenaque
763 2078 859 2156 dicta,

64 2167 188 2233 ¹Oderit
198 2171 393 2248 insumens,
409 2184 438 2232 et
450 2171 670 2254 multum-grata
684 2170 820 2254 malignis

74 2265 227 2341 Auribus,
241 2265 336 2327 effuso
347 2285 468 2346 semper
480 2285 529 2325 rea
542 2265 641 2347 lingua
654 2284 781 2326 veneno.

73 2357 153 2420 Nun·
162 2359 246 2422 obitu
258 2358 372 2444 affligar
383 2361 571 2441 cujusquam
588 2370 637 2418 aut
649 2358 760 2419 sunere
770 2377 910 2419 crescam.
992 2357 999 2362 ’

72 2451 396 2532 Invideamnunquam
410 2453 567 2531 cuiquam,
583 2472 639 2514 uec
652 2452 781 2512 mentiar
793 2471 934 2532 unquam.

74 2545 163 2606 Adsit
173 2546 239 2606 laeta
252 2549 359 2608 domus
375 2545 549 2626 :epulisque
562 2546 672 2607 alludat
683 2547 827 2628 inemptis

74 2639 180 2701 Verna
190 2652 288 2717 satur,
302 2639 570 2719 fidusque'cmnes,
585 2641 755 2719 nitidusque
770 2639 924 2714 minister,

75 2732 232 2816 Morigera
244 2745 274 2794 et
287 2736 409 2816 conium
424 2753 551 2813 caraque
563 2753 597 2793 ex
608 2735 732 2813 conjuge
746 2733 816 2790 uati.

76 2826 218 2888 Muribus
229 2827 292 2889 haec
305 2828 391 2889 castis
403 2827 508 2886 tribuit
520 2824 605 2886 Deus
618 2848 624 2883 :
637 2825 669 2883 hi
682 2825 740 2885 sibi
754 2845 855 2886 mores

76 2918 260 3004 Perpetuam
272 2923 422 3004 spondent
434 2932 556 2985 ventura
568 2918 598 2979 in
609 2917 708 2983 secula
720 2918 828 2980 ritant.¹
