2046 3712
244 276 292 363 C.
320 275 509 365 VETTII
545 274 811 380 AQUILINI

352 606 703 715 JUVENCI

125 943 190 1015 DE
214 939 462 1015 autumpno
488 938 677 1015 CHRISTI
702 938 905 1016 flunotco

407 1258 645 1313 GARMEN.

36 1608 45 1625 ·
90 1551 175 1637 Cute
184 1570 430 1637 saberastrorum
442 1568 549 1633 mortis
558 1535 862 1653 patereturaeerbnu

86 1665 126 1727 ln
140 1686 226 1729 cruce
239 1664 440 1748 supplicium,
451 1684 516 1727 sese
528 1685 590 1726 non
603 1684 695 1747 posse
708 1666 831 1729 dolores

86 1758 183 1819 Ferre
199 1757 353 1822 Creatoris
363 1759 493 1819 muudus
506 1757 668 1837 clamabat,
684 1772 717 1821 et
729 1772 830 1823 astra:

86 1850 237 1933 ignivomi
250 1851 321 1912 solis
334 1851 435 1913 lumen
448 1873 507 1912 nox
519 1851 639 1912 abstulit
651 1864 716 1914 atra
729 1878 737 1915 :

89 1943 282 2006 Contremuit
295 1945 399 2018 tellus,
416 1945 546 2024 scopuli,
560 1965 709 2026 rupesque
723 1946 884 2009 dehiscunt.

86 2035 128 2098 Et
142 2038 213 2117 quid
225 2058 300 2119 opus
312 2037 432 2098 multis?
444 2037 582 2120 lugebant
594 2048 701 2100 cuncta
711 2052 821 2101 creata.

88 2130 154 2192 Rex
167 2132 232 2194 coeli
246 2144 278 2191 ut
292 2128 427 2192 Christus
439 2128 661 2215 Phlegethontis
674 2152 766 2214 regua
775 2132 895 2209 subivit,

86 2224 235 2307 Princeps
249 2225 339 2308 regali
353 2223 442 2285 Pluto
456 2226 608 2306 prospexit
618 2225 655 2285 ab
667 2224 755 2301 aula,

86 2319 135 2379 Ad
148 2339 199 2378 sua
211 2320 281 2380 dum
294 2319 385 2379 sensit
398 2339 576 2381 concurrere
589 2318 695 2378 limina
710 2317 885 2380 Christum:

89 2410 119 2472 Ο
134 2413 227 2488 socii,
242 2412 403 2489 exclamat,
418 2414 479 2492 jam
491 2424 609 2494 tempus
620 2431 740 2472 sumere
749 2411 827 2486 tela,

85 2505 341 2587 Quandoquidem
354 2507 420 2584 hic,
432 2507 512 2566 sanie
526 2505 662 2587 perfusus
671 2506 812 2567 membra
821 2549 830 2582 ‚
840 2503 940 2587 propin

250 2611 320 2678 quat
331 2643 340 2674 ,

85 2691 273 2753 'Praedaturus
287 2712 361 2773 opes
373 2705 506 2767 nostras,
521 2691 717 2772 umbrasque,
733 2691 919 2773 animasque.

88 2783 229 2848 Scandira
239 2799 315 2846 tecta
329 2785 459 2861 alacres,
472 2786 648 2864 hostemque
659 2805 677 2844 a
688 2785 786 2846 limite
798 2785 869 2848 telis

84 2879 194 2940 Arcete
208 2880 349 2961 objectis,
364 2878 457 2938 multa
472 2893 501 2939 et
514 2899 658 2962 compage
671 2898 817 2941 serarum.

85 2969 230 3051 Regalem
245 2974 358 3033 interea
371 2992 425 3031 nos
436 2973 485 3032 hic
496 2973 659 3034 tutabimur
669 2973 763 3033 armis

86 3059 246 3145 Objicibus
259 3065 388 3144 crebris,
403 3077 432 3127 et
446 3065 526 3126 duris
539 3067 671 3129 vectibus
681 3065 792 3129 aulam.
