2018 3714
118 263 176 327 156
321 268 582 328 Chauon-tiana
599 274 774 333 VICTORIS
888 290 914 331 v.
925 268 978 347 filfi.

113 368 185 431 Vile
197 380 295 451 putat,
309 369 367 429 uisi
378 388 409 431 se
420 370 544 429 summis
556 370 647 431 etiam
661 370 807 454 implicet
819 398 828 435 s
847 396 917 459 ergo

69 498 73 506 ·
113 462 273 525 Infandum
284 474 317 541 ut
327 475 423 543 patret
434 462 563 537 facinus,
577 461 656 523 Loth
669 466 850 546 opprimit:
863 470 958 551 etjam·

112 553 155 615 Vi
165 552 278 637 majore
292 555 419 637 agitant,
433 574 523 633 quam
535 576 600 633 quac
612 557 721 618 virtute
734 559 854 640 repelli

113 649 256 711 Humana
265 648 378 709 valeat:
394 670 461 710 cnm
475 648 609 729 protinus
619 648 732 731 hospes
746 664 880 733 uterque

111 740 269 825 Angelicas
281 742 393 805 nudant
406 742 534 801 mentito
547 760 674 822 corpore
688 741 792 822 vires,

112 837 141 897 A
152 834 325 917 populoque
336 854 438 893 senem
452 846 559 896 caecata
572 846 671 895 mente
684 835 810 899 lucente

112 928 192 989 Loth
202 928 370 1000 retrahunt,
383 926 473 1006 inque
485 929 550 1007 ipsa
561 929 667 987 domus
677 942 798 991 secreto
813 946 957 1015 receptu

113 1021 269 1083 Pertlenda
279 1020 436 1080 hortantur
448 1020 605 1081 confestim
617 1019 784 1084 abscedere
796 1036 893 1101 terr's.

114 1116 178 1193 Qui
190 1116 266 1186 sint,
281 1114 352 1192 quid
365 1113 503 1185 veniant,
515 1125 621 1192 etquoe
635 1128 791 1195 praecepta
804 1116 936 1181 serentes

112 1194 189 1269 Mor
199 1207 316 1287 explere
326 1205 436 1281 velint,
447 1206 491 1287 nil
503 1208 564 1287 jam
575 1226 716 1266 sermone
727 1200 851 1288 patenti

112 1298 311 1363 Dissimulant
323 1323 330 1359 :
342 1312 370 1359 et
381 1300 419 1359 ah
431 1299 487 1359 hae
499 1320 530 1358 se
543 1298 625 1359 clade
637 1300 769 1361 evadere
781 1302 903 1365 salvum

113 1394 222 1468 Posse,
236 1394 418 1471 domumque
429 1411 512 1451 snam
526 1392 646 1467 dicunt,
659 1412 853 1475 generosque
873 1408 975 1477 suosque

98 1562 102 1567 Ι
115 1486 267 1569 Colligere
279 1486 399 1559 affines,
413 1497 443 1546 et
453 1505 555 1545 secum
566 1483 715 1546 abducere
727 1488 891 1549 mandant.

113 1580 170 1641 Ast
182 1579 250 1637 illos
262 1577 352 1637 simili
364 1598 433 1638 cum
443 1576 534 1659 vulgo
546 1577 673 1638 crimine
685 1589 782 1639 tactos

113 1671 243 1733 Involvit
254 1669 359 1730 similis
368 1670 533 1743 sementia,
546 1689 617 1729 sana
627 1670 765 1731 monenti

115 1763 248 1827 Credere
260 1764 330 1825 dum
343 1762 469 1836 nolunt,
480 1782 651 1841 quanquam
662 1763 881 1842 quodcredere
890 1766 976 1829 nolu!

112 1854 187 1917 Non
200 1868 285 1916 estut
297 1855 424 1917 multum
437 1856 568 1930 mirere,
582 1857 741 1919 abscedere
753 1878 827 1921 cum
840 1858 922 1923 Loth

112 1950 150 2013 ld
162 1970 279 2029 quoque
292 1947 452 2009 ridiculum
465 1949 547 2026 qnod
559 1948 734 2011 consuluere
744 1964 888 2030 putaret:

116 2043 220 2122 Quem
232 2043 345 2103 lentum
357 2043 513 2122 pigrasque
526 2062 625 2101 moras
636 2042 698 2103 siue
713 2042 773 2103 hue
784 2046 964 2121 trahentem,

116 2136 238 2217 Hospes
248 2149 369 2213 uterquc
377 2135 498 2207 videns,
509 2135 647 2195 manibus
653 2156 721 2195 cum
725 2140 856 2221 conjuge
862 2154 977 2223 raptum,

115 2227 346 2313 virginibusque
358 2227 417 2287 suis
430 2227 536 2307 procul
549 2241 629 2287 extro
640 2229 748 2288 moenia
762 2232 866 2309 ducit,

114 2320 156 2383 Et
167 2322 295 2383 celerare
307 2320 405 2400 jubet,
418 2332 593 2398 montesque
608 2322 731 2381 eradere
743 2321 782 2407 1¹¹1
789 2324 880 2389 altos.

115 2414 184 2475 'l'ati
196 2414 259 2496 lege
271 2414 339 2472 data
352 2436 359 2472 :
373 2433 429 2474 nec
438 2411 550 2473 uoelesti
560 2413 626 2495 igne
638 2412 793 2495 flagrantes

116 2505 189 2567 Post
199 2527 231 2567 se
245 2505 382 2585 respiciat
393 2505 549 2584 quisquam
562 2505 640 2564 male
653 2519 753 2568 cautus
766 2507 796 2567 iu
808 2510 912 2573 urhes.

155 2598 235 2660 Loth
246 2618 317 2658 vero
328 2610 482 2671 metuens,
497 2610 614 2658 montes
624 2620 663 2659 ne
674 2599 787 2660 tardius
800 2600 882 2663 altos

114 2692 308 2776 Aggressum,
321 2690 406 2751 velox
419 2689 487 2751 coeli
500 2704 688 2770 praeverteret
699 2693 757 2752 ira:

116 2784 185 2866 lpse
197 2783 290 2867 Segor
305 2784 444 2867 lacrymis
458 2784 561 2864 petiit,
573 2804 674 2845 secura
686 2806 816 2847 recessus

115 2878 211 2938 Antra
222 2878 266 2937 sui
276 2922 285 2953 ,
297 2876 442 2959 lacrymas
453 2890 550 2935 autem
563 2890 623 2937 non
635 2880 725 2939 sensit
736 2880 842 2941 inanes
855 2924 866 2957 ,

118 2967 359 3049 Concessumque
373 2970 429 3029 sihi
442 2971 554 3030 donum
568 2971 695 3052 speciale
706 2972 807 3033 salutis

86 3116 89 3121 ,
117 3060 257 3125 Pluribus
267 3061 418 3144 impertit,
432 3062 632 3143 meritumque
645 3086 661 3126 e
675 3085 799 3129 munere
813 3064 896 3129 lecit.
