2018 3714
25 310 56 351 ι.
67 287 143 364 435.
206 300 392 355 comiteur.
409 304 447 356 ru
468 303 741 361 censeremur
851 295 909 357 115

29 388 148 456 Omnia
159 394 335 457 ceinentem
344 397 469 476 sperasti
481 417 568 478 posse
580 398 696 461 latere?

27 486 75 550 Ut
83 489 175 551 vastis
185 491 282 570 jaceas
292 490 444 565 tenebris,
459 492 596 553 celabere
609 515 772 573 nunquam.

27 584 116 669 Ergo
125 584 181 644 ubi
194 583 309 666 peccati
321 586 435 665 genitus
448 587 547 665 pudor
558 588 652 669 attigit
662 587 761 647 Adam

28 676 232 760 Quaerentem
240 676 383 753 latebras,
394 698 461 736 mox
470 680 581 740 audiit:
597 679 683 741 Heus
694 681 745 741 ubi
756 679 911 768 ceddam,

30 770 117 853 Quid
132 791 206 832 vero
219 771 354 850 estquod
368 782 396 830 te
410 772 514 849 quoerit
524 773 630 850 Deus,
645 775 753 835 inscius
766 795 842 836 anne
856 776 888 836 id

24 864 128 926 Forte
136 864 242 946 rogat?
255 856 303 947 eui
315 874 345 923 te
356 861 494 924 Domino
506 865 671 928 subducere
685 888 804 928 summo

22 956 97 1021 Nee
107 978 195 1019 mors
206 957 272 1037 ipsa
284 968 399 1036 potest,
413 957 510 1039 fragili
523 978 612 1037 quam
626 973 726 1020 mente
740 961 866 1038 subisti,

28 1048 95 1114 Cur
106 1050 162 1111 nbi
172 1050 213 1111 sis
224 1049 347 1128 quaerit,
360 1049 418 1109 nisi
432 1052 512 1128 quod
524 1063 554 1110 te
567 1065 666 1114 morte
678 1053 793 1114 doloris

27 1142 164 1225 hpsurn
177 1155 284 1225 sponte
295 1154 363 1217 tue,
373 1162 474 1205 secum
487 1165 551 1205 non
564 1166 626 1206 esse
640 1146 766 1221 fatetur,

27 1236 73 1298 Et
83 1238 159 1300 coeio
172 1237 314 1299 eccidisse
324 1256 429 1313 uero,
443 1239 496 1297 sed
508 1251 606 1299 sancta
620 1239 752 1319 parentis

26 1330 201 1412 Desperare
215 1343 291 1391 vetat
305 1328 415 1410 pietas,
429 1332 589 1392 clementia
602 1335 684 1413 cujus

27 1428 44 1503 (
55 1422 117 1484 Fas
128 1423 235 1485 dixisse
247 1423 338 1498 mihi,
352 1412 396 1484 sas
407 1425 445 1484 sit
457 1446 575 1504 quoque
587 1426 666 1486 dicta
678 1426 819 1506 probasse
831 1430 845 1504 )

27 1516 184 1577 Justitiem
199 1516 313 1577 excedit
325 1539 332 1574 :
345 1530 474 1578 nectam
484 1537 533 1578 me
545 1538 617 1580 voce
629 1539 731 1580 severe

31 1608 231 1691 Corripiens,
245 1609 297 1670 nbi
310 1610 368 1685 sis,
380 1611 499 1690 trepido
513 1612 585 1690 quid
598 1626 720 1692 pectore
733 1632 863 1692 quaeras,

28 1700 151 1765 Terret:
160 1715 370 1782 quamrecreat
378 1747 387 1778 ,
395 1704 907 1786 quodadhucpostcriminaiapsum

27 1794 270 1875 immersumque
282 1809 380 1870 metu,
394 1796 560 1859 latebrisac
573 1819 653 1879 pene
662 1799 831 1879 sepultum,

25 1887 145 1952 Evocat
157 1902 187 1951 et
199 1900 319 1951 revocat
335 1913 342 1950 :
356 1911 478 1951 nevero
492 1891 628 1972 exempla
644 1904 783 1972 petentur

26 1980 181 2066 Longius,
195 1984 325 2043 ostendit
335 1983 430 2064 eulpae
442 1985 564 2061 donatio
578 1986 693 2045 mitem.

28 2075 195 2155 Postquam
208 2097 326 2137 excussa
337 2098 405 2137 reos
416 2077 584 2137 manifestat
595 2096 682 2137 causa
692 2091 848 2158 parentes,

27 2166 178 2251 decepere
190 2168 262 2230 Deo
275 2170 402 2244 coelum,
416 2191 518 2243 mare,
534 2183 613 2230 terra
624 2169 764 2250 loquente

34 2258 249 2337 Contremere,
262 2276 291 2323 et
303 2276 399 2323 vastos
411 2285 552 2325 concussa
566 2266 684 2344 aperire
697 2286 837 2327 recessus.

32 2352 174 2436 itumque
187 2376 257 2417 reos
271 2357 357 2437 punit
369 2358 531 2428 sementi-13
544 2371 654 2419 tartara
666 2360 784 2431 condit,

33 2446 288 2529 Quandoquidem
301 2451 410 2511 nostris
422 2452 518 2511 visum
533 2465 577 2511 est
590 2454 734 2514 decedere
747 2454 853 2535 jussis,

31 2540 98 2605 Jern
111 2542 190 2603 mihi
201 2543 277 2624 justa
288 2564 384 2604 noros
395 2544 482 2605 feriet
495 2567 618 2607 censura
631 2560 783 2620 nocentes.

65 2636 229 2718 Principio
241 2638 319 2698 inter
333 2637 422 2699 totius
434 2638 568 2700 viventia
576 2641 680 2699 mundi

35 2728 76 2792 'du
89 2730 269 2791 maledictus
282 2731 359 2807 eris,
372 2745 401 2792 et
414 2735 501 2813 pejor
513 2754 602 2812 quam
613 2734 686 2814 tegis
699 2734 777 2792 intus

33 2820 133 2886 invida
144 2844 232 2884 mens
244 2823 368 2885 coluber
382 2832 394 2884 ε’
405 2826 456 2904 qui
469 2827 577 2888 coeiurn
589 2827 698 2886 intrare
710 2837 830 2886 creatos.

33 2912 174 2999 Dejeeisti
184 2918 339 2991 homines,
353 2919 513 2999 vetitasque
527 2921 669 3000 attingere
685 2918 782 3000 fruges

38 3010 149 3073 Fraude
164 2998 213 3071 tria
225 3010 378 3092 impulsis,
393 3014 536 3091 praedurae
547 3012 653 3072 mortis
666 3012 750 3094 origo
764 3032 804 3071 es.

43 3090 112 3185 Ergo
126 3117 159 3164 ut
171 3102 258 3186 digna
269 3103 352 3167 nefas
362 3126 459 3185 poenae
471 3125 612 3166 mensura
624 3117 780 3187 sequatur,
