2046 3712
98 288 156 350 ¹70
204 279 845 356 coneursumconuenturum.
879 298 899 341 r.

95 371 135 432 Et
149 371 265 434 virtutis
276 372 373 434 honos
387 374 417 433 in
430 387 569 455 tempora
580 374 669 457 longa
681 375 876 456 frequentante
915 438 919 443 .

92 465 292 528 Accumulant
300 486 428 546 quorum
441 466 570 542 lamam,
584 466 746 547 laudesque
758 484 856 551 poete.

94 559 162 620 Hos
176 559 246 621 celsi
260 572 377 634 cantus,
393 556 531 643 Smyrnae
543 561 581 621 de
594 561 678 621 sonte
692 559 834 642 fluentes,

92 652 166 713 lllos
179 651 340 714 Minciadae
353 652 484 713 celebrat
498 653 624 715 dulcedo
638 651 788 743 Maronis.

73 822 76 831 1
91 745 159 808 Nec
171 746 273 805 minor
285 745 420 824 ipsorum
432 746 570 807 discurrit
582 746 808 829 gloriantem,

92 839 171 919 Quae
183 849 285 898 manet
296 850 412 898 aeternae
423 838 550 913 similis,
565 840 638 900 dum
651 840 730 901 secla
747 841 891 921 volatum,

89 931 131 992 Et
143 931 255 1013 vertigo
269 929 333 1010 poli
345 942 455 1005 terras,
465 944 557 1011 atque
569 952 691 1011 aequora
696 933 818 997 ciocum

89 1023 221 1086 AEthera
233 1023 382 1083 sidereum
393 1025 472 1105 jusso
483 1024 691 1085 moderamine
706 1025 817 1088 volvet.

90 1118 184 1198 Quod
197 1119 222 1178 si
232 1130 293 1177 tam
305 1117 425 1200 longam
438 1130 610 1178 meruerunt
622 1118 758 1179 carmina
770 1120 890 1199 famant,

90 1212 170 1293 Quae
181 1224 315 1273 veterum
328 1211 415 1293 gestis
423 1211 584 1271 hominurn
597 1211 755 1273 mendacia
765 1226 892 1293 nectunt,

88 1306 189 1368 Nobis
202 1318 282 1368 certa
295 1305 368 1365 fides
378 1318 494 1366 aetemae
507 1305 539 1364 in
548 1303 651 1366 secula
661 1303 757 1366 laudis

87 1399 263 1461 Immortcle
277 1400 365 1459 decus
374 1399 501 1471 tribuet,
515 1398 716 1477 meritumque
730 1402 880 1481 rependet·

87 1493 171 1554 Nam
182 1492 257 1553 mihi
270 1512 390 1553 carmen
402 1491 462 1552 'erit
476 1490 589 1551 Christi
602 1490 704 1551 vitalia
716 1504 817 1575 gesta,

86 1585 236 1648 Divinum
242 1585 279 1644 in
292 1583 413 1666 populis
421 1583 488 1643 falsi
500 1583 564 1644 siue
577 1583 705 1645 crimine
718 1584 845 1649 donum.
888 1634 894 1645 .

87 1678 156 1741 Nec
167 1671 280 1753 metus,
295 1691 327 1737 ut
336 1677 442 1737 mundi
456 1677 572 1758 rapiant
585 1675 726 1738 incendia
738 1696 843 1741 tecum
871 1670 899 1721 ·;t

88 1772 160 1835 Hoc
173 1794 267 1854 opus-2
280 1771 338 1859 hoc
350 1771 460 1831 etenim
474 1769 574 1830 forsan
584 1790 634 1829 me
649 1768 805 1833 subtrahet
817 1768 875 1857 igni
905 1814 908 1819 -

87 1864 188 1941 Tunc,
204 1887 272 1927 cum
283 1862 487 1923 flammivoma
499 1863 657 1923 descendet
668 1863 749 1924 nube
762 1882 905 1929 comte!
922 1888 925 1893 ·

86 1959 199 2034 Judex,
212 1957 364 2018 altithroni
374 1956 516 2039 genitoris
528 1955 640 2038 gloria,
656 1953 806 2018 Christus.
910 1980 913 1989 ·
928 1932 934 2017 l

86 2051 168 2136 Ergo
182 2074 249 2136 age,
261 2050 426 2112 sanctificus
439 2049 513 2109 adsit
526 2048 601 2108 mihi
613 2048 756 2110 carminis
767 2063 870 2115 auctor
931 2040 934 2119 ἶ

88 2143 232 2225 Spiritus,
248 2158 276 2206 et
289 2164 365 2226 puro
380 2155 513 2203 mentem
526 2141 601 2224 riget
613 2160 701 2202 amne
717 2144 850 2207 canentia
932 2144 934 2161 ²

86 2235 193 2300 Dulcis
205 2237 364 2313 dordonis,
378 2249 411 2298 ut
425 2232 546 2298 Christo
559 2234 648 2319 digna
659 2233 833 2315 loquamur.
