2018 3714
10 284 38 347 ν’.
49 274 127 366 527.
220 294 305 347 urar.
323 292 564 352 uraucucrcm
580 298 644 353 uu.
661 300 682 352 1.
833 290 890 375 189

10 386 235 470 Perpetuioque
249 389 381 449 animam
396 391 507 471 pariter
520 394 698 455 convolvere
710 396 816 475 poeuis.

10 482 56 545 Et
67 484 92 545 ai
103 484 206 545 dextra
216 502 322 544 manus
335 497 468 544 mentem
483 508 538 566 per
551 488 636 547 devia
649 489 745 563 ducit,

10 567 269 641 Etruria·causum
281 590 399 658 praestat
412 580 548 651 decidere
560 581 658 658 ferro,

12 670 122 753 Quam
133 666 230 732 totum
243 671 362 733 aeternio
369 693 481 754 corpus
491 677 656 736 concedere
667 674 805 737 flammis.

57 764 242 846 Praecipiunt
252 778 387 839 veteres,
401 768 425 827 si
440 767 505 845 quis
518 770 668 829 connubia
682 783 818 850 rumpet,

11 857 160 922 Scribere
170 856 329 920 discidium
340 902 349 933 ‚
362 860 436 939 juris
449 859 551 920 feralia
563 862 665 922 verba.

12 951 90 1014 Sola
102 953 161 1014 viri
173 964 254 1013 reete
267 952 398 1013 discedet
407 953 540 1014 adultera
552 955 654 1027 tectis,

11 1044 152 1109 Attalico
162 1057 323 1105 maneant:
337 1064 406 1105 uam
420 1048 490 1106 casti
502 1049 567 1128 jura
581 1047 705 1128 pudoris

13 1138 153 1201 Auctore
163 1139 275 1199 amittet
287 1138 397 1198 mulier
409 1140 524 1198 deserta
534 1142 652 1200 marito.

57 1230 198 1313 Antiquoe
207 1231 285 1316 leges
295 1232 458 1311 probibent
471 1234 602 1313 perjuria
616 1232 732 1315 linguis.

14 1323 81 1388 Sed
92 1325 292 1388 uostrirccdat
304 1327 423 1407 jurandi
435 1327 557 1387 audacia
570 1326 672 1407 jussis;

10 1417 84 1482 Nec
97 1420 141 1487 fus
150 1432 196 1481 eat
204 1420 323 1479 bomini
336 1418 446 1480 coelum
457 1421 555 1500 jurare
566 1440 625 1500 per
633 1420 743 1493 altum,

10 1511 109 1591 Quod
121 1510 208 1574 aedes
219 1512 349 1573 Domini
364 1525 422 1586 eat,
436 1532 493 1574 neo
504 1536 570 1592 quae
581 1513 701 1595 vestigia
713 1523 808 1595 gestat

12 1602 111 1667 Terra
124 1604 209 1681 Dei,-
218 1602 410 1689 Solymoeque
422 1606 504 1666 urbis
515 1607 684 1668 venerabile
692 1625 824 1680 nomeu,

15 1696 112 1778 Quod
124 1698 202 1781 regit
212 1699 312 1781 magui
324 1699 449 1785 propria
462 1712 523 1776 est,
535 1700 681 1781 jurabitur
693 1717 835 1778 unquam.

13 1790 85 1856 Nec
95 1806 185 1875 caput
196 1793 399 1873 iu'proprium
407 1794 660 1875 'cuiquamjurare
673 1793 794 1868 licebit,

11 1883 158 1967 Namque
169 1898 348 1968 potestatem
358 1884 479 1946 minimi
490 1908 554 1946 uon
566 1908 628 1947 esse
643 1885 744 1966 capilii

13 1970 337 2056 Comitis‚·albumve,
351 1991 401 2038 aut
413 1980 531 2063 nigrum
543 1993 658 2039 mutare
672 1977 817 2044 colorem.

10 2069 84 2148 Eat,
99 2084 166 2147 ω,-
175 2072 319 2142 ouiiiciat3
334 2074 415 2151 quod
426 2092 488 2132 nou
503 2086 561 2147 est,
576 2073 665 2133 dicite
675 2114 684 2146 ‚
696 2069 771 2133 Nou
782 2083 834 2131 est.

10 2164 109 2247 Quod
119 2176 255 2246 superest
264 2165 346 2239 istiaj
358 2177 457 2224 totum
468 2165 613 2226 fallaciter
624 2184 703 2246 aegro

10 2256 150 2343 suggerit
160 2258 321 2338 obreptans
331 2255 435 2317 auimo
447 2257 490 2317 ris
504 2270 579 2319 tetra
592 2256 712 2319 veneni.
801 2316 804 2321 .

50 2350 230 2434 Pervuigata
244 2351 296 2411 diu
308 2351 380 2432 legis
393 2364 542 2432 praecepta
553 2352 680 2423 tenetis,

10 2442 185 2507 [adeutem
197 2420 317 2524 sember
329 2443 436 2505 similis
447 2445 576 2507 vindicta
589 2459 735 2523 sequatur.

10 2536 75 2599 Sed
88 2536 249 2617 tranquilla
262 2536 375 2597 malum
389 2537 496 2598 melius
506 2540 649 2619 patientia
662 2538 770 2600 vincet.
814 2614 818 2619 ⁵

10 2630 57 2693 Ac
69 2632 95 2692 si
108 2630 175 2711 quis
186 2644 304 2712 partem
313 2630 414 2711 palma
426 2634 604 2712 percusserit
616 2632 696 2706 oria,

10 2720 88 2785 Mox
97 2722 187 2785 aliam
200 2737 318 2806 partem
328 2724 425 2785 vultus
435 2727 571 2806 praebere
584 2738 757 2799 memento,

10 2816 138 2879 Auferat
151 2831 201 2880 aut
213 2819 344 2880 tunicam
358 2818 383 2879 si
396 2820 502 2899 quievi
514 2820 620 2901 judicis
633 2819 761 2890 instans,
843 2884 846 2888 ⁴

11 2908 98 2973 Cede
111 2911 227 2988 libens,
241 2912 413 2994 pariterque
424 2911 501 2971 ierat
512 2925 561 2971 tua
574 2910 664 2991 pallia
677 2929 789 2970 secum.

52 3000 89 3065 Si
101 3018 132 3067 te
145 3006 223 3067 forte
235 3005 342 3089 aliquis
351 3024 453 3086 passus
463 3024 520 3084 per
531 3002 617 3063 mille
628 3002 744 3083 jubebit
774 3030 778 3035 ·
855 3020 858 3025 ·

10 3096 62 3161 ire
74 3098 171 3179 dam,
184 3098 356 3184 gravidique
368 3098 469 3161 oneris
481 3096 616 3183 perferre
626 3095 780 3171 laborem,
