<?xml version="1.0" encoding="UTF-8"?>
<!DOCTYPE html PUBLIC "-//W3C//DTD XHTML 1.0 Transitional//EN"
    "http://www.w3.org/TR/xhtml1/DTD/xhtml1-transitional.dtd">
<html xmlns="http://www.w3.org/1999/xhtml" xml:lang="en" lang="en">
 <head>
  <title>
</title>
<meta http-equiv="Content-Type" content="text/html;charset=utf-8" />
  <meta name='ocr-system' content='tesseract 3.04.00' />
  <meta name='ocr-capabilities' content='ocr_page ocr_carea ocr_par ocr_line ocrx_word'/>
</head>
<body>
  <div class='ocr_page' id='page_1' title='image "./qsflorentistert00tertgoog_0270.png"; bbox 0 0 2018 3714; ppageno 0'>
   <div class='ocr_carea' id='block_1_1' title="bbox 10 183 937 2982">
    <p class='ocr_par' dir='ltr' id='par_1_1' title="bbox 53 183 937 274">
     <span class='ocr_line' id='line_1_1' title="bbox 53 183 937 274; baseline 0.008 -31"><span class='ocrx_word' id='word_1_1' title='bbox 53 199 86 243; x_wconf 81' lang='lat' dir='ltr'><strong>r.</strong></span> <span class='ocrx_word' id='word_1_2' title='bbox 98 200 153 269; x_wconf 67' lang='grc' dir='ltr'><strong>ῃ.</strong></span> <span class='ocrx_word' id='word_1_3' title='bbox 258 183 501 245; x_wconf 68' lang='lat' dir='ltr'><strong>tranantem</strong></span> <span class='ocrx_word' id='word_1_4' title='bbox 518 191 606 245; x_wconf 65' lang='grc' dir='ltr'><strong>ΗΜ.</strong></span> <span class='ocrx_word' id='word_1_5' title='bbox 623 190 688 248; x_wconf 76' lang='lat' dir='ltr'><strong>ml.</strong></span> <span class='ocrx_word' id='word_1_6' title='bbox 704 189 749 249; x_wconf 80' lang='lat' dir='ltr'><strong>tv.</strong></span> <span class='ocrx_word' id='word_1_7' title='bbox 878 186 937 274; x_wconf 74' lang='lat'><strong>257</strong></span> 
     </span>
    </p>

    <p class='ocr_par' dir='ltr' id='par_1_2' title="bbox 56 274 828 370">
     <span class='ocr_line' id='line_1_2' title="bbox 56 274 828 370; baseline 0.006 -23"><span class='ocrx_word' id='word_1_8' title='bbox 56 280 90 347; x_wconf 91' lang='grc' dir='ltr'><strong>Ο</strong></span> <span class='ocrx_word' id='word_1_9' title='bbox 105 274 250 370; x_wconf 81' lang='lat' dir='ltr'><strong>Solymi,</strong></span> <span class='ocrx_word' id='word_1_10' title='bbox 262 280 397 369; x_wconf 83' lang='lat' dir='ltr'><strong>Solymi,</strong></span> <span class='ocrx_word' id='word_1_11' title='bbox 410 284 492 355; x_wconf 80' lang='lat' dir='ltr'><strong>lerro</strong></span> <span class='ocrx_word' id='word_1_12' title='bbox 505 278 557 365; x_wconf 85' lang='lat' dir='ltr'><strong>qui</strong></span> <span class='ocrx_word' id='word_1_13' title='bbox 573 306 651 367; x_wconf 80' lang='lat' dir='ltr'><strong>saepe</strong></span> <span class='ocrx_word' id='word_1_14' title='bbox 663 284 828 370; x_wconf 74' lang='lat' dir='ltr'><strong>Prophetas</strong></span> 
     </span>
    </p>

    <p class='ocr_par' dir='ltr' id='par_1_3' title="bbox 36 376 774 458">
     <span class='ocr_line' id='line_1_3' title="bbox 36 376 774 458; baseline 0 -16"><span class='ocrx_word' id='word_1_15' title='bbox 36 376 106 445; x_wconf 78' lang='lat' dir='ltr'><strong>,Ad</strong></span> <span class='ocrx_word' id='word_1_16' title='bbox 114 391 249 447; x_wconf 77' lang='lat' dir='ltr'><strong>vestram</strong></span> <span class='ocrx_word' id='word_1_17' title='bbox 261 378 369 439; x_wconf 81' lang='lat' dir='ltr'><strong>missos</strong></span> <span class='ocrx_word' id='word_1_18' title='bbox 380 377 472 441; x_wconf 85' lang='lat' dir='ltr'><strong>vitam</strong></span> <span class='ocrx_word' id='word_1_19' title='bbox 485 378 550 441; x_wconf 88' lang='lat' dir='ltr'><strong>siue</strong></span> <span class='ocrx_word' id='word_1_20' title='bbox 563 377 623 440; x_wconf 85' lang='lat' dir='ltr'><strong>fine</strong></span> <span class='ocrx_word' id='word_1_21' title='bbox 634 382 774 458; x_wconf 79' lang='lat' dir='ltr'><strong>necastis,</strong></span> 
     </span>
    </p>

    <p class='ocr_par' dir='ltr' id='par_1_4' title="bbox 58 469 878 555">
     <span class='ocr_line' id='line_1_4' title="bbox 58 469 878 555; baseline 0.006 -21"><span class='ocrx_word' id='word_1_22' title='bbox 58 469 164 553; x_wconf 81' lang='lat' dir='ltr'><strong>Quam</strong></span> <span class='ocrx_word' id='word_1_23' title='bbox 176 470 260 547; x_wconf 79' lang='lat' dir='ltr'><strong>volui</strong></span> <span class='ocrx_word' id='word_1_24' title='bbox 272 483 400 533; x_wconf 75' lang='lat' dir='ltr'><strong>uestram</strong></span> <span class='ocrx_word' id='word_1_25' title='bbox 410 484 549 555; x_wconf 82' lang='lat' dir='ltr'><strong>gentem,</strong></span> <span class='ocrx_word' id='word_1_26' title='bbox 563 472 771 554; x_wconf 80' lang='lat' dir='ltr'><strong>populumque</strong></span> <span class='ocrx_word' id='word_1_27' title='bbox 783 479 878 554; x_wconf 86' lang='lat' dir='ltr'><strong>tueri,</strong></span> 
     </span>
    </p>

    <p class='ocr_par' dir='ltr' id='par_1_5' title="bbox 10 561 757 661">
     <span class='ocr_line' id='line_1_5' title="bbox 10 561 757 661; baseline 0.001 -32.061"><span class='ocrx_word' id='word_1_28' title='bbox 10 564 128 661; x_wconf 81' lang='lat' dir='ltr'><strong>A·les</strong></span> <span class='ocrx_word' id='word_1_29' title='bbox 138 579 182 627; x_wconf 85' lang='lat' dir='ltr'><strong>utr</strong></span> <span class='ocrx_word' id='word_1_30' title='bbox 172 561 283 642; x_wconf 84' lang='lat' dir='ltr'><strong>molli</strong></span> <span class='ocrx_word' id='word_1_31' title='bbox 295 563 385 626; x_wconf 87' lang='lat' dir='ltr'><strong>solita</strong></span> <span class='ocrx_word' id='word_1_32' title='bbox 397 577 441 626; x_wconf 86' lang='lat' dir='ltr'><strong>est</strong></span> <span class='ocrx_word' id='word_1_33' title='bbox 451 566 506 627; x_wconf 87' lang='lat' dir='ltr'><strong>suh</strong></span> <span class='ocrx_word' id='word_1_34' title='bbox 517 586 646 646; x_wconf 89' lang='lat' dir='ltr'><strong>corpore</strong></span> <span class='ocrx_word' id='word_1_35' title='bbox 656 566 757 648; x_wconf 86' lang='lat' dir='ltr'><strong>pullos</strong></span> 
     </span>
    </p>

    <p class='ocr_par' dir='ltr' id='par_1_6' title="bbox 10 622 773 757">
     <span class='ocr_line' id='line_1_6' title="bbox 10 622 773 757; baseline 0.003 -36.128"><span class='ocrx_word' id='word_1_36' title='bbox 10 622 171 757; x_wconf 84' lang='lat' dir='ltr'><strong>Objiee</strong></span> <span class='ocrx_word' id='word_1_37' title='bbox 181 678 351 741; x_wconf 82' lang='lat' dir='ltr'><strong>pennarum</strong></span> <span class='ocrx_word' id='word_1_38' title='bbox 361 658 475 721; x_wconf 69' lang='lat' dir='ltr'><strong>eurum</strong></span> <span class='ocrx_word' id='word_1_39' title='bbox 478 658 640 743; x_wconf 84' lang='lat' dir='ltr'><strong>complexa</strong></span> <span class='ocrx_word' id='word_1_40' title='bbox 651 659 773 724; x_wconf 79' lang='lat' dir='ltr'><strong>lovere?</strong></span> 
     </span>
    </p>

    <p class='ocr_par' dir='ltr' id='par_1_7' title="bbox 10 736 771 833">
     <span class='ocr_line' id='line_1_7' title="bbox 10 736 771 833; baseline 0.001 -18.063"><span class='ocrx_word' id='word_1_41' title='bbox 10 736 120 815; x_wconf 80' lang='lat' dir='ltr'><strong>Sed</strong></span> <span class='ocrx_word' id='word_1_42' title='bbox 133 753 219 815; x_wconf 83' lang='lat' dir='ltr'><strong>robis</strong></span> <span class='ocrx_word' id='word_1_43' title='bbox 228 771 349 833; x_wconf 88' lang='lat' dir='ltr'><strong>semper</strong></span> <span class='ocrx_word' id='word_1_44' title='bbox 360 738 489 814; x_wconf 83' lang='lat' dir='ltr'><strong>ooelestia</strong></span> <span class='ocrx_word' id='word_1_45' title='bbox 503 772 628 813; x_wconf 89' lang='lat' dir='ltr'><strong>munera</strong></span> <span class='ocrx_word' id='word_1_46' title='bbox 638 755 771 816; x_wconf 83' lang='lat' dir='ltr'><strong>sordent.</strong></span> 
     </span>
    </p>

    <p class='ocr_par' dir='ltr' id='par_1_8' title="bbox 10 830 821 928">
     <span class='ocr_line' id='line_1_8' title="bbox 10 830 821 928; baseline 0 -20"><span class='ocrx_word' id='word_1_47' title='bbox 10 830 30 868; x_wconf 74' lang='lat'><em>¹</em></span> <span class='ocrx_word' id='word_1_48' title='bbox 53 843 236 909; x_wconf 88' lang='lat' dir='ltr'><strong>Deseritur&#39;</strong></span> <span class='ocrx_word' id='word_1_49' title='bbox 218 866 289 928; x_wconf 64' lang='grc' dir='ltr'><strong>μω</strong></span> <span class='ocrx_word' id='word_1_50' title='bbox 301 865 381 907; x_wconf 85' lang='lat' dir='ltr'><strong>nuno</strong></span> <span class='ocrx_word' id='word_1_51' title='bbox 395 846 501 905; x_wconf 88' lang='lat' dir='ltr'><strong>domus</strong></span> <span class='ocrx_word' id='word_1_52' title='bbox 512 845 576 908; x_wconf 83' lang='lat' dir='ltr'><strong>haec</strong></span> <span class='ocrx_word' id='word_1_53' title='bbox 589 858 698 908; x_wconf 84' lang='lat' dir='ltr'><strong>vastata</strong></span> <span class='ocrx_word' id='word_1_54' title='bbox 711 847 821 921; x_wconf 88' lang='lat' dir='ltr'><strong>minis,</strong></span> 
     </span>
    </p>

    <p class='ocr_par' dir='ltr' id='par_1_9' title="bbox 17 936 844 1117">
     <span class='ocr_line' id='line_1_9' title="bbox 17 936 844 1023; baseline -0.001 -20.958"><span class='ocrx_word' id='word_1_55' title='bbox 17 936 84 1011; x_wconf 98' lang='lat' dir='ltr'>N</span> <span class='ocrx_word' id='word_1_56' title='bbox 85 960 131 1002; x_wconf 86' lang='lat' dir='ltr'><strong>ee</strong></span> <span class='ocrx_word' id='word_1_57' title='bbox 137 951 275 1001; x_wconf 83' lang='lat' dir='ltr'><strong>nostrum</strong></span> <span class='ocrx_word' id='word_1_58' title='bbox 286 939 373 1023; x_wconf 83' lang='lat' dir='ltr'><strong>vqbis</strong></span> <span class='ocrx_word' id='word_1_59' title='bbox 383 938 427 999; x_wconf 84' lang='lat' dir='ltr'><strong>fas</strong></span> <span class='ocrx_word' id='word_1_60' title='bbox 439 937 517 999; x_wconf 89' lang='lat' dir='ltr'><strong>ultra</strong></span> <span class='ocrx_word' id='word_1_61' title='bbox 528 952 571 1001; x_wconf 90' lang='lat' dir='ltr'><strong>est</strong></span> <span class='ocrx_word' id='word_1_62' title='bbox 583 960 706 1003; x_wconf 78' lang='lat' dir='ltr'><strong>seruere</strong></span> <span class='ocrx_word' id='word_1_63' title='bbox 719 939 844 1003; x_wconf 86' lang='lat' dir='ltr'><strong>vultum.</strong></span> 
     </span>
     <span class='ocr_line' id='line_1_10' title="bbox 10 1012 808 1117; baseline 0.001 -24.116"><span class='ocrx_word' id='word_1_64' title='bbox 10 1018 259 1117; x_wconf 59' lang='grc' dir='ltr'><strong>ΞΕςηεᾶἰιιιι·</strong></span> <span class='ocrx_word' id='word_1_65' title='bbox 272 1012 410 1114; x_wconf 88' lang='lat' dir='ltr'><strong>templo,</strong></span> <span class='ocrx_word' id='word_1_66' title='bbox 408 1034 507 1115; x_wconf 85' lang='lat' dir='ltr'><strong>eujus</strong></span> <span class='ocrx_word' id='word_1_67' title='bbox 520 1032 661 1113; x_wconf 84' lang='lat' dir='ltr'><strong>praecelsa</strong></span> <span class='ocrx_word' id='word_1_68' title='bbox 670 1045 808 1094; x_wconf 90' lang='lat' dir='ltr'><strong>notantes</strong></span> 
     </span>
    </p>

    <p class='ocr_par' dir='ltr' id='par_1_10' title="bbox 50 1124 718 1209">
     <span class='ocr_line' id='line_1_11' title="bbox 50 1124 718 1209; baseline -0.003 -21"><span class='ocrx_word' id='word_1_69' title='bbox 50 1124 175 1188; x_wconf 80' lang='lat' dir='ltr'><strong>Moenia</strong></span> <span class='ocrx_word' id='word_1_70' title='bbox 185 1125 347 1209; x_wconf 78' lang='lat' dir='ltr'><strong>discipulos</strong></span> <span class='ocrx_word' id='word_1_71' title='bbox 358 1126 409 1185; x_wconf 89' lang='lat' dir='ltr'><strong>tali</strong></span> <span class='ocrx_word' id='word_1_72' title='bbox 422 1145 562 1187; x_wconf 82' lang='lat' dir='ltr'><strong>sermone</strong></span> <span class='ocrx_word' id='word_1_73' title='bbox 576 1126 718 1187; x_wconf 84' lang='lat' dir='ltr'><strong>docebat:</strong></span> 
     </span>
    </p>

    <p class='ocr_par' dir='ltr' id='par_1_11' title="bbox 53 1217 780 1301">
     <span class='ocr_line' id='line_1_12' title="bbox 53 1217 780 1301; baseline -0.001 -20"><span class='ocrx_word' id='word_1_74' title='bbox 53 1218 137 1282; x_wconf 84' lang='lat' dir='ltr'><strong>Haec</strong></span> <span class='ocrx_word' id='word_1_75' title='bbox 148 1239 274 1301; x_wconf 86' lang='lat' dir='ltr'><strong>opernm</strong></span> <span class='ocrx_word' id='word_1_76' title='bbox 287 1218 373 1283; x_wconf 81' lang='lat' dir='ltr'><strong>robis</strong></span> <span class='ocrx_word' id='word_1_77' title='bbox 384 1217 530 1282; x_wconf 83' lang='lat' dir='ltr'><strong>miracula</strong></span> <span class='ocrx_word' id='word_1_78' title='bbox 542 1218 630 1301; x_wconf 80' lang='lat' dir='ltr'><strong>digna</strong></span> <span class='ocrx_word' id='word_1_79' title='bbox 642 1218 780 1282; x_wconf 87' lang='lat' dir='ltr'><strong>videntur</strong></span> 
     </span>
    </p>

    <p class='ocr_par' dir='ltr' id='par_1_12' title="bbox 53 1310 724 1392">
     <span class='ocr_line' id='line_1_13' title="bbox 53 1310 724 1392; baseline -0.006 -17"><span class='ocrx_word' id='word_1_80' title='bbox 53 1310 180 1375; x_wconf 87' lang='lat' dir='ltr'><strong>Obtutu</strong></span> <span class='ocrx_word' id='word_1_81' title='bbox 191 1312 331 1392; x_wconf 87' lang='lat' dir='ltr'><strong>stupido;</strong></span> <span class='ocrx_word' id='word_1_82' title='bbox 350 1311 429 1373; x_wconf 88' lang='lat' dir='ltr'><strong>reris</strong></span> <span class='ocrx_word' id='word_1_83' title='bbox 440 1311 495 1374; x_wconf 86' lang='lat' dir='ltr'><strong>sed</strong></span> <span class='ocrx_word' id='word_1_84' title='bbox 506 1311 610 1373; x_wconf 84' lang='lat' dir='ltr'><strong>discite</strong></span> <span class='ocrx_word' id='word_1_85' title='bbox 622 1311 724 1388; x_wconf 84' lang='lat' dir='ltr'><strong>distis,</strong></span> 
     </span>
    </p>

    <p class='ocr_par' dir='ltr' id='par_1_13' title="bbox 52 1403 848 1488">
     <span class='ocr_line' id='line_1_14' title="bbox 52 1403 848 1488; baseline 0.003 -20"><span class='ocrx_word' id='word_1_86' title='bbox 52 1405 153 1488; x_wconf 82' lang='lat' dir='ltr'><strong>Quod</strong></span> <span class='ocrx_word' id='word_1_87' title='bbox 162 1426 233 1467; x_wconf 88' lang='lat' dir='ltr'><strong>mox</strong></span> <span class='ocrx_word' id='word_1_88' title='bbox 246 1417 352 1469; x_wconf 84' lang='lat' dir='ltr'><strong>cuncta</strong></span> <span class='ocrx_word' id='word_1_89' title='bbox 363 1404 428 1466; x_wconf 92' lang='lat' dir='ltr'><strong>solo</strong></span> <span class='ocrx_word' id='word_1_90' title='bbox 443 1403 555 1486; x_wconf 87' lang='lat' dir='ltr'><strong>passim</strong></span> <span class='ocrx_word' id='word_1_91' title='bbox 567 1404 687 1486; x_wconf 80' lang='lat' dir='ltr'><strong>disjecta</strong></span> <span class='ocrx_word' id='word_1_92' title='bbox 699 1407 848 1487; x_wconf 85' lang='lat' dir='ltr'><strong>jacebunt.</strong></span> 
     </span>
    </p>

    <p class='ocr_par' dir='ltr' id='par_1_14' title="bbox 51 1498 748 1585">
     <span class='ocr_line' id='line_1_15' title="bbox 51 1498 748 1585; baseline -0.003 -22"><span class='ocrx_word' id='word_1_93' title='bbox 51 1499 184 1563; x_wconf 80' lang='lat' dir='ltr'><strong>Haeoad</strong></span> <span class='ocrx_word' id='word_1_94' title='bbox 198 1498 316 1561; x_wconf 87' lang='lat' dir='ltr'><strong>Oliveti</strong></span> <span class='ocrx_word' id='word_1_95' title='bbox 327 1498 430 1561; x_wconf 86' lang='lat' dir='ltr'><strong>diceus</strong></span> <span class='ocrx_word' id='word_1_96' title='bbox 441 1511 619 1585; x_wconf 82' lang='lat' dir='ltr'><strong>pervenerat</strong></span> <span class='ocrx_word' id='word_1_97' title='bbox 628 1517 748 1561; x_wconf 87' lang='lat' dir='ltr'><strong>arcem.-</strong></span> 
     </span>
    </p>

    <p class='ocr_par' dir='ltr' id='par_1_15' title="bbox 51 1590 794 1675">
     <span class='ocr_line' id='line_1_16' title="bbox 51 1590 794 1675; baseline -0.001 -21"><span class='ocrx_word' id='word_1_98' title='bbox 51 1591 208 1674; x_wconf 85' lang='lat' dir='ltr'><strong>Diseipuli</strong></span> <span class='ocrx_word' id='word_1_99' title='bbox 219 1591 319 1655; x_wconf 82' lang='lat' dir='ltr'><strong>solum</strong></span> <span class='ocrx_word' id='word_1_100' title='bbox 330 1603 489 1673; x_wconf 88' lang='lat' dir='ltr'><strong>postquam</strong></span> <span class='ocrx_word' id='word_1_101' title='bbox 500 1590 618 1667; x_wconf 86' lang='lat' dir='ltr'><strong>ridere,</strong></span> <span class='ocrx_word' id='word_1_102' title='bbox 630 1592 794 1675; x_wconf 83' lang='lat' dir='ltr'><strong>rogabant,</strong></span> 
     </span>
    </p>

    <p class='ocr_par' dir='ltr' id='par_1_16' title="bbox 53 1683 730 1768">
     <span class='ocr_line' id='line_1_17' title="bbox 53 1683 730 1768; baseline 0 -23"><span class='ocrx_word' id='word_1_103' title='bbox 53 1684 104 1745; x_wconf 86' lang='lat' dir='ltr'><strong>Ut</strong></span> <span class='ocrx_word' id='word_1_104' title='bbox 116 1685 174 1746; x_wconf 85' lang='lat' dir='ltr'><strong>sibi</strong></span> <span class='ocrx_word' id='word_1_105' title='bbox 185 1686 304 1747; x_wconf 83' lang='lat' dir='ltr'><strong>venturi</strong></span> <span class='ocrx_word' id='word_1_106' title='bbox 315 1695 439 1766; x_wconf 87' lang='lat' dir='ltr'><strong>tempus·</strong></span> <span class='ocrx_word' id='word_1_107' title='bbox 447 1683 637 1768; x_wconf 77' lang='lat' dir='ltr'><strong>distingueret</strong></span> <span class='ocrx_word' id='word_1_108' title='bbox 649 1685 705 1749; x_wconf 86' lang='lat' dir='ltr'><strong>reri</strong></span> <span class='ocrx_word' id='word_1_109' title='bbox 714 1724 730 1762; x_wconf 87' lang='lat'><strong>,-</strong></span> 
     </span>
    </p>

    <p class='ocr_par' dir='ltr' id='par_1_17' title="bbox 54 1777 807 1861">
     <span class='ocr_line' id='line_1_18' title="bbox 54 1777 807 1861; baseline 0.003 -21"><span class='ocrx_word' id='word_1_110' title='bbox 54 1777 213 1840; x_wconf 89' lang='lat' dir='ltr'><strong>Promissa</strong></span> <span class='ocrx_word' id='word_1_111' title='bbox 224 1778 317 1860; x_wconf 84' lang='lat' dir='ltr'><strong>ipsius</strong></span> <span class='ocrx_word' id='word_1_112' title='bbox 330 1797 390 1858; x_wconf 88' lang='lat' dir='ltr'><strong>quo</strong></span> <span class='ocrx_word' id='word_1_113' title='bbox 403 1791 527 1861; x_wconf 79' lang='lat' dir='ltr'><strong>poseant</strong></span> <span class='ocrx_word' id='word_1_114' title='bbox 538 1780 687 1860; x_wconf 83' lang='lat' dir='ltr'><strong>prendere</strong></span> <span class='ocrx_word' id='word_1_115' title='bbox 697 1779 807 1854; x_wconf 81' lang='lat' dir='ltr'><strong>finem,</strong></span> 
     </span>
    </p>

    <p class='ocr_par' dir='ltr' id='par_1_18' title="bbox 53 1871 838 1955">
     <span class='ocr_line' id='line_1_19' title="bbox 53 1871 838 1955; baseline -0.003 -20"><span class='ocrx_word' id='word_1_116' title='bbox 53 1871 134 1955; x_wconf 83' lang='lat' dir='ltr'><strong>Ejus</strong></span> <span class='ocrx_word' id='word_1_117' title='bbox 145 1886 175 1935; x_wconf 90' lang='lat' dir='ltr'><strong>et</strong></span> <span class='ocrx_word' id='word_1_118' title='bbox 183 1873 329 1947; x_wconf 73' lang='lat' dir='ltr'><strong>adrentus</strong></span> <span class='ocrx_word' id='word_1_119' title='bbox 340 1883 427 1933; x_wconf 82' lang='lat' dir='ltr'><strong>terrae</strong></span> <span class='ocrx_word' id='word_1_120' title='bbox 440 1885 629 1935; x_wconf 86' lang='lat' dir='ltr'><strong>consumeret</strong></span> <span class='ocrx_word' id='word_1_121' title='bbox 640 1873 764 1934; x_wconf 78' lang='lat' dir='ltr'><strong>orbem.-</strong></span> <span class='ocrx_word' id='word_1_122' title='bbox 835 1914 838 1923; x_wconf 86' lang='lat'><em>.</em></span> 
     </span>
    </p>

    <p class='ocr_par' dir='ltr' id='par_1_19' title="bbox 55 1963 790 2138">
     <span class='ocr_line' id='line_1_20' title="bbox 55 1963 790 2051; baseline -0.007 -21"><span class='ocrx_word' id='word_1_123' title='bbox 55 1966 260 2051; x_wconf 83' lang='lat' dir='ltr'><strong>Quaerentum</strong></span> <span class='ocrx_word' id='word_1_124' title='bbox 268 1964 369 2027; x_wconf 77' lang='lat' dir='ltr'><strong>verbis</strong></span> <span class='ocrx_word' id='word_1_125' title='bbox 379 1966 535 2047; x_wconf 86' lang='lat' dir='ltr'><strong>respondit</strong></span> <span class='ocrx_word' id='word_1_126' title='bbox 545 1966 616 2026; x_wconf 87' lang='lat' dir='ltr'><strong>talia</strong></span> <span class='ocrx_word' id='word_1_127' title='bbox 629 1963 766 2029; x_wconf 81' lang='lat' dir='ltr'><strong>Christus</strong></span> <span class='ocrx_word' id='word_1_128' title='bbox 774 1988 790 2025; x_wconf 79' lang='lat' dir='ltr'><strong>r·</strong></span> 
     </span>
     <span class='ocr_line' id='line_1_21' title="bbox 96 2058 784 2138; baseline -0.006 -16"><span class='ocrx_word' id='word_1_129' title='bbox 96 2059 269 2122; x_wconf 72' lang='lat' dir='ltr'><strong>Observate</strong></span> <span class='ocrx_word' id='word_1_130' title='bbox 282 2058 412 2134; x_wconf 80' lang='lat' dir='ltr'><strong>dolum,</strong></span> <span class='ocrx_word' id='word_1_131' title='bbox 424 2058 499 2119; x_wconf 84' lang='lat' dir='ltr'><strong>falso</strong></span> <span class='ocrx_word' id='word_1_132' title='bbox 511 2080 549 2119; x_wconf 88' lang='lat' dir='ltr'><strong>ne</strong></span> <span class='ocrx_word' id='word_1_133' title='bbox 560 2058 684 2119; x_wconf 87' lang='lat' dir='ltr'><strong>nomine</strong></span> <span class='ocrx_word' id='word_1_134' title='bbox 696 2069 784 2138; x_wconf 80' lang='lat' dir='ltr'><strong>capta</strong></span> 
     </span>
    </p>

    <p class='ocr_par' dir='ltr' id='par_1_20' title="bbox 57 2152 765 2233">
     <span class='ocr_line' id='line_1_22' title="bbox 57 2152 765 2233; baseline -0.006 -18"><span class='ocrx_word' id='word_1_135' title='bbox 57 2152 244 2228; x_wconf 79' lang='lat' dir='ltr'><strong>Credulitas,</strong></span> <span class='ocrx_word' id='word_1_136' title='bbox 258 2152 373 2233; x_wconf 79' lang='lat' dir='ltr'><strong>laqueis</strong></span> <span class='ocrx_word' id='word_1_137' title='bbox 385 2165 542 2214; x_wconf 84' lang='lat' dir='ltr'><strong>errantum·</strong></span> <span class='ocrx_word' id='word_1_138' title='bbox 551 2153 765 2233; x_wconf 84' lang='lat' dir='ltr'><strong>praecipitetur.</strong></span> 
     </span>
    </p>

    <p class='ocr_par' dir='ltr' id='par_1_21' title="bbox 54 2243 784 2311">
     <span class='ocr_line' id='line_1_23' title="bbox 54 2243 784 2311; baseline -0.005 -2"><span class='ocrx_word' id='word_1_139' title='bbox 54 2246 236 2309; x_wconf 68' lang='lat' dir='ltr'><strong>Discurrunt</strong></span> <span class='ocrx_word' id='word_1_140' title='bbox 248 2246 364 2309; x_wconf 84' lang='lat' dir='ltr'><strong>eunctis</strong></span> <span class='ocrx_word' id='word_1_141' title='bbox 373 2245 524 2308; x_wconf 80' lang='lat' dir='ltr'><strong>bellorum</strong></span> <span class='ocrx_word' id='word_1_142' title='bbox 535 2245 674 2311; x_wconf 87' lang='lat' dir='ltr'><strong>incendia</strong></span> <span class='ocrx_word' id='word_1_143' title='bbox 685 2243 784 2308; x_wconf 83' lang='lat' dir='ltr'><strong>terris.</strong></span> 
     </span>
    </p>

    <p class='ocr_par' dir='ltr' id='par_1_22' title="bbox 56 2338 780 2422">
     <span class='ocr_line' id='line_1_24' title="bbox 56 2338 780 2422; baseline -0.001 -20"><span class='ocrx_word' id='word_1_144' title='bbox 56 2339 121 2414; x_wconf 84' lang='lat' dir='ltr'><strong>Sed</strong></span> <span class='ocrx_word' id='word_1_145' title='bbox 132 2359 185 2402; x_wconf 83' lang='lat' dir='ltr'><strong>ros</strong></span> <span class='ocrx_word' id='word_1_146' title='bbox 195 2339 359 2422; x_wconf 66' lang='lat' dir='ltr'><strong>praevalido</strong></span> <span class='ocrx_word' id='word_1_147' title='bbox 370 2339 522 2401; x_wconf 83' lang='lat' dir='ltr'><strong>consistite</strong></span> <span class='ocrx_word' id='word_1_148' title='bbox 533 2338 646 2401; x_wconf 82' lang='lat' dir='ltr'><strong>rohore</strong></span> <span class='ocrx_word' id='word_1_149' title='bbox 657 2338 780 2416; x_wconf 79' lang='lat' dir='ltr'><strong>cordis,</strong></span> 
     </span>
    </p>

    <p class='ocr_par' dir='ltr' id='par_1_23' title="bbox 55 2420 781 2516">
     <span class='ocr_line' id='line_1_25' title="bbox 55 2420 781 2516; baseline -0.006 -19"><span class='ocrx_word' id='word_1_150' title='bbox 55 2432 107 2497; x_wconf 89' lang='lat' dir='ltr'><strong>Ne</strong></span> <span class='ocrx_word' id='word_1_151' title='bbox 120 2454 209 2495; x_wconf 85' lang='lat' dir='ltr'><strong>mens</strong></span> <span class='ocrx_word' id='word_1_152' title='bbox 220 2434 257 2495; x_wconf 90' lang='lat' dir='ltr'><strong>ad</strong></span> <span class='ocrx_word' id='word_1_153' title='bbox 269 2445 382 2516; x_wconf 81' lang='lat' dir='ltr'><strong>emptos</strong></span> <span class='ocrx_word' id='word_1_154' title='bbox 393 2435 489 2515; x_wconf 87' lang='lat' dir='ltr'><strong>jaceat</strong></span> <span class='ocrx_word' id='word_1_155' title='bbox 501 2420 617 2495; x_wconf 82' lang='lat' dir='ltr'><strong>turbata</strong></span> <span class='ocrx_word' id='word_1_156' title='bbox 628 2430 781 2495; x_wconf 75' lang='lat' dir='ltr'><strong>tumultus,</strong></span> 
     </span>
    </p>

    <p class='ocr_par' dir='ltr' id='par_1_24' title="bbox 55 2523 919 2609">
     <span class='ocr_line' id='line_1_26' title="bbox 55 2523 919 2609; baseline -0.002 -20"><span class='ocrx_word' id='word_1_157' title='bbox 55 2527 131 2591; x_wconf 88' lang='lat' dir='ltr'><strong>Non</strong></span> <span class='ocrx_word' id='word_1_158' title='bbox 144 2528 259 2589; x_wconf 85' lang='lat' dir='ltr'><strong>etenim</strong></span> <span class='ocrx_word' id='word_1_159' title='bbox 270 2528 373 2609; x_wconf 86' lang='lat' dir='ltr'><strong>prima</strong></span> <span class='ocrx_word' id='word_1_160' title='bbox 381 2525 540 2608; x_wconf 89' lang='lat' dir='ltr'><strong>imponent</strong></span> <span class='ocrx_word' id='word_1_161' title='bbox 555 2546 623 2587; x_wconf 86' lang='lat' dir='ltr'><strong>mos</strong></span> <span class='ocrx_word' id='word_1_162' title='bbox 634 2525 740 2607; x_wconf 87' lang='lat' dir='ltr'><strong>proelia</strong></span> <span class='ocrx_word' id='word_1_163' title='bbox 759 2523 869 2600; x_wconf 84' lang='lat' dir='ltr'><strong>liu&#39;ent,</strong></span> <span class='ocrx_word' id='word_1_164' title='bbox 913 2593 919 2604; x_wconf 90' lang='lat'><strong>.</strong></span> 
     </span>
    </p>

    <p class='ocr_par' dir='ltr' id='par_1_25' title="bbox 58 2619 753 2704">
     <span class='ocr_line' id='line_1_27' title="bbox 58 2619 753 2704; baseline -0.004 -22"><span class='ocrx_word' id='word_1_165' title='bbox 58 2619 211 2683; x_wconf 81' lang='lat' dir='ltr'><strong>Gentibus</strong></span> <span class='ocrx_word' id='word_1_166' title='bbox 220 2632 251 2681; x_wconf 89' lang='lat' dir='ltr'><strong>et</strong></span> <span class='ocrx_word' id='word_1_167' title='bbox 262 2632 378 2704; x_wconf 81' lang='lat' dir='ltr'><strong>gentes,</strong></span> <span class='ocrx_word' id='word_1_168' title='bbox 397 2632 427 2680; x_wconf 93' lang='lat' dir='ltr'><strong>et</strong></span> <span class='ocrx_word' id='word_1_169' title='bbox 437 2619 555 2703; x_wconf 80' lang='lat' dir='ltr'><strong>regibus</strong></span> <span class='ocrx_word' id='word_1_170' title='bbox 567 2621 657 2681; x_wconf 81' lang='lat' dir='ltr'><strong>obvia</strong></span> <span class='ocrx_word' id='word_1_171' title='bbox 668 2639 753 2703; x_wconf 82' lang='lat' dir='ltr'><strong>reges</strong></span> 
     </span>
    </p>

    <p class='ocr_par' dir='ltr' id='par_1_26' title="bbox 56 2712 895 2799">
     <span class='ocr_line' id='line_1_28' title="bbox 56 2712 895 2799; baseline -0.014 -22"><span class='ocrx_word' id='word_1_172' title='bbox 56 2712 151 2799; x_wconf 75' lang='lat' dir='ltr'><strong>Signa</strong></span> <span class='ocrx_word' id='word_1_173' title='bbox 160 2714 279 2788; x_wconf 82' lang='lat' dir='ltr'><strong>serent,</strong></span> <span class='ocrx_word' id='word_1_174' title='bbox 300 2734 356 2775; x_wconf 90' lang='lat' dir='ltr'><strong>uec</strong></span> <span class='ocrx_word' id='word_1_175' title='bbox 361 2726 433 2774; x_wconf 89' lang='lat' dir='ltr'><strong>-tum</strong></span> <span class='ocrx_word' id='word_1_176' title='bbox 445 2713 545 2774; x_wconf 84' lang='lat' dir='ltr'><strong>morbi</strong></span> <span class='ocrx_word' id='word_1_177' title='bbox 559 2732 755 2793; x_wconf 87' lang='lat' dir='ltr'><strong>eorrumpere</strong></span> <span class='ocrx_word' id='word_1_178' title='bbox 767 2720 895 2770; x_wconf 84' lang='lat' dir='ltr'><strong>tractum</strong></span> 
     </span>
    </p>

    <p class='ocr_par' dir='ltr' id='par_1_27' title="bbox 55 2808 827 2888">
     <span class='ocr_line' id='line_1_29' title="bbox 55 2808 827 2888; baseline -0.01 -18"><span class='ocrx_word' id='word_1_179' title='bbox 55 2808 164 2882; x_wconf 81' lang='lat' dir='ltr'><strong>Aeris,</strong></span> <span class='ocrx_word' id='word_1_180' title='bbox 183 2820 234 2868; x_wconf 89' lang='lat' dir='ltr'><strong>aut</strong></span> <span class='ocrx_word' id='word_1_181' title='bbox 245 2820 341 2888; x_wconf 90' lang='lat' dir='ltr'><strong>pestes</strong></span> <span class='ocrx_word' id='word_1_182' title='bbox 352 2819 541 2888; x_wconf 86' lang='lat' dir='ltr'><strong>prosternere</strong></span> <span class='ocrx_word' id='word_1_183' title='bbox 553 2825 683 2887; x_wconf 85' lang='lat' dir='ltr'><strong>corpora</strong></span> <span class='ocrx_word' id='word_1_184' title='bbox 692 2815 827 2884; x_wconf 80' lang='lat' dir='ltr'><strong>parcent.</strong></span> 
     </span>
    </p>

    <p class='ocr_par' dir='ltr' id='par_1_28' title="bbox 54 2895 767 2982">
     <span class='ocr_line' id='line_1_30' title="bbox 54 2895 767 2982; baseline -0.01 -18"><span class='ocrx_word' id='word_1_185' title='bbox 54 2902 133 2965; x_wconf 79' lang='lat' dir='ltr'><strong>Fixa</strong></span> <span class='ocrx_word' id='word_1_186' title='bbox 144 2901 237 2963; x_wconf 91' lang='lat' dir='ltr'><strong>etiam</strong></span> <span class='ocrx_word' id='word_1_187' title='bbox 247 2900 344 2961; x_wconf 89' lang='lat' dir='ltr'><strong>solido</strong></span> <span class='ocrx_word' id='word_1_188' title='bbox 355 2921 411 2982; x_wconf 89' lang='lat' dir='ltr'><strong>per</strong></span> <span class='ocrx_word' id='word_1_189' title='bbox 422 2900 523 2962; x_wconf 87' lang='lat' dir='ltr'><strong>inania</strong></span> <span class='ocrx_word' id='word_1_190' title='bbox 534 2900 669 2981; x_wconf 88' lang='lat' dir='ltr'><strong>pondere</strong></span> <span class='ocrx_word' id='word_1_191' title='bbox 681 2895 767 2957; x_wconf 84' lang='lat' dir='ltr'><strong>tellus</strong></span> 
     </span>
    </p>
   </div>
   <div class='ocr_carea' id='block_1_2' title="bbox 54 2988 809 3143">
    <p class='ocr_par' dir='ltr' id='par_1_29' title="bbox 54 2988 809 3143">
     <span class='ocr_line' id='line_1_31' title="bbox 54 2988 806 3074; baseline -0.013 -16"><span class='ocrx_word' id='word_1_192' title='bbox 54 2995 119 3058; x_wconf 84' lang='lat' dir='ltr'><strong>Per</strong></span> <span class='ocrx_word' id='word_1_193' title='bbox 132 2995 250 3059; x_wconf 80' lang='lat' dir='ltr'><strong>diversa</strong></span> <span class='ocrx_word' id='word_1_194' title='bbox 263 2994 342 3072; x_wconf 85' lang='lat' dir='ltr'><strong>loci,</strong></span> <span class='ocrx_word' id='word_1_195' title='bbox 359 3006 444 3056; x_wconf 90' lang='lat' dir='ltr'><strong>motu</strong></span> <span class='ocrx_word' id='word_1_196' title='bbox 456 3004 627 3074; x_wconf 82' lang='lat' dir='ltr'><strong>quassante,</strong></span> <span class='ocrx_word' id='word_1_197' title='bbox 646 2988 806 3053; x_wconf 85' lang='lat' dir='ltr'><strong>tremiscet.</strong></span> 
     </span>
     <span class='ocr_line' id='line_1_32' title="bbox 355 3104 809 3143; baseline -0.015 5"><span class='ocrx_word' id='word_1_198' title='bbox 355 3112 358 3119; x_wconf 93' lang='lat'>·</span> <span class='ocrx_word' id='word_1_199' title='bbox 761 3104 809 3143; x_wconf 81' lang='lat' dir='ltr'><strong>uu.</strong></span> 
     </span>
    </p>
   </div>
   <div class='ocr_carea' id='block_1_3' title="bbox 0 0 1020 3714">
    <p class='ocr_par' dir='ltr' id='par_1_30' title="bbox 0 0 1020 3714">
     <span class='ocr_line' id='line_1_33' title="bbox 0 0 1020 3714; baseline 0 0"><span class='ocrx_word' id='word_1_200' title='bbox 0 0 1020 3714; x_wconf 95' lang='lat' dir='ltr'><strong> </strong></span> 
     </span>
    </p>
   </div>
  </div>
 </body>
</html>
