2018 3714
13 313 41 354 v.
54 291 129 377 677·
225 299 467 366 EVANGELICAE
485 301 573 355 HIST.
589 303 654 357 ΠΒ.
670 307 702 360 11.
833 317 891 357 aar

18 396 182 478 Quaeratur
194 406 329 455 veterum
341 394 522 475 scriptorum
534 395 622 457 lectio
634 396 735 474 vobis,

20 485 204 572 Perpetuam
215 487 328 550 cunctis
340 487 431 550 vitam
445 507 534 567 quarn
545 488 625 548 ferre
636 491 752 570 putatis.

18 579 95 644 Haec
108 581 201 641 etiarn
211 591 347 640 nostrum
360 592 481 640 testatur
494 579 582 642 lectio
596 583 719 643 donum.

17 670 87 737 Nec
99 687 202 735 tamen
214 671 327 734 audetis
340 673 464 753 propius
478 674 637 736 consistere
649 677 755 754 nobis,

16 763 49 828 N
51 788 70 828 e
84 787 162 828 vern
170 764 257 843 robis
270 765 419 848 contingat
431 767 523 848 gratia
536 767 611 829 ritae.
665 797 668 800 ·

12 855 49 920 N
51 880 95 920 on
107 859 328 940 mihi-captatur
340 871 465 918 terrenae
475 859 569 941 gloria
579 860 684 924 laudis.

10 950 163 1033 Namque
175 972 232 1037 ego
242 953 324 1031 quod
336 952 446 1012 summi
457 953 599 1034 genitoris
612 955 736 1015 nomine
748 956 831 1032 veni,

12 1044 161 1126 Respnor
173 1065 192 1106 a
203 1045 307 1108 robis:
321 1045 419 1107 veniet
431 1046 483 1105 scd
495 1046 626 1107 discolor
636 1047 729 1122 alter,

12 1139 159 1201 Nomine
171 1158 261 1219 quem
272 1136 379 1197 iultrnn
392 1138 518 1218 proprio
531 1159 601 1220 gens
609 1152 706 1200 vestra
718 1152 864 1220 sequetur.

16 1233 156 1295 Alternis
164 1232 249 1294 vobis
260 1243 394 1312 captatur
406 1231 502 1313 gloria
513 1231 617 1307 famae,

16 1325 126 1388 Unius
134 1339 163 1409 et
172 1325 267 1387 solam
280 1324 378 1407 sugitis
390 1324 554 1402 disquirere
565 1324 695 1385 laudem

15 1420 89 1483 Nec
102 1439 155 1482 vos
166 1418 314 1502 arguerim
328 1438 431 1480 coram
442 1419 597 1500 genitore,
609 1418 660 1478 sed
673 1417 736 1478 illie

15 1517 185 1577 Accusator
196 1509 272 1588 erit,
290 1533 380 1592 quern
393 1514 564 1593 spesmodo
577 1525 672 1574 vestra
686 1510 831 1587 celebrat,

16 1605 143 1683 Moses,
157 1627 249 1686 quem
260 1606 331 1666 {idei
341 1605 425 1666 nullo
443 1606 563 1668 servatis
575 1606 701 1666 honore.

19 1700 98 1782 Ejus
110 1700 190 1761 enim
199 1699 317 1780 seriptis
330 1700 462 1761 restersi
475 1701 609 1762 crederet
621 1718 722 1772 error,

22 1790 172 1855 Crederet
183 1805 214 1854 et
224 1793 331 1867 nobis,
341 1791 440 1853 Mosei
454 1813 543 1871 quern
555 1791 665 1872 scripta
677 1790 874 1869 frequentant.

61 1885 152 1946 Talia
164 1898 230 1946 tum
241 1897 345 1948 contra
355 1885 529 1947 Scribarum
541 1886 632 1946 verba
645 1900 826 1967 sequunturz

18 1985 161 2049 Vocibus
171 1974 334 2045 indubitata
343 1983 416 2044 fides
428 1981 619 2044 comitabitur
632 1981 712 2058 istis,

22 2078 57 2142 si
69 2080 165 2142 virtus
178 2078 267 2145 certis
279 2077 378 2137 firmet
390 2073 534 2136 miracula
545 2073 647 2155 signis.
728 2124 732 2129 .

21 2172 84 2235 ltte
94 2172 203 2234 debinc
216 2194 224 2231 ε
239 2169 357 2231 Polluta
368 2169 454 2229 malis
465 2166 616 2250 generatio
630 2165 734 2244 quaerit

27 2265 122 2350 Signa
133 2265 190 2328 sibi
202 2288 212 2325 t
224 2265 313 2326 rebus
329 2264 446 2325 stabunt
458 2263 510 2324 sed
522 2261 606 2343 signa
615 2259 737 2334 futuris,

25 2357 168 2441 Namque
182 2355 335 2439 Propheta·
344 2377 416 2420 cavo
430 2367 573 2434 quantum
585 2353 638 2414 sub
655 2363 776 2432 pectore
787 2349 846 2412 ceti

25 2448 190 2535 'Pemporis
202 2451 380 2532 absumpsit,
393 2462 480 2510 terrae
491 2449 523 2507 in
536 2445 737 2528 penetralibus
750 2443 818 2505 altis

25 2543 192 2630 Progenies
200 2544 332 2605 hominis
340 2555 455 2604 tanturn
466 2542 601 2602 demersa
613 2537 756 2599 manebit.

26 2638 178 2703 Adveniet
188 2651 320 2719 tempus,
334 2658 404 2700 cum
416 2646 513 2717 surget
525 2633 639 2694 reddita
651 2631 719 2693 vitae

27 2733 113 2805 Gens
123 2732 302 2807 bominum,
315 2729 447 2811 propriis
460 2728 492 2787 in
503 2725 609 2788 fletum
619 2724 718 2784 dedita
730 2718 826 2802 gestis.

28 2825 106 2890 Haec
118 2827 207 2887 istam
218 2822 475 2909 dignodamnabit
483 2820 609 2883 crimine
622 2829 758 2900 gentem,
826 2848 830 2855 ·

28 2919 126 3064 guod
138 2920 231 2980 maris
243 2940 260 2979 c
273 2918 364 2979 sundo
377 2915 525 2998 surgentis
533 2932 606 2974 voce
621 2908 780 2988 Prophetae
871 2979 878 2995 ·

59 3002 249 3076 ommouita‚
260 2999 292 3059 in
305 2994 626 3082 lacrymasliominum
635 2993 772 3073 projecte·
780 2981 911 3049 reflexa&-

30 3093 97 3160 Hie
107 3108 138 3161 et
149 3092 394 3159 lonasio-monitis
407 3090 527 3176 potiora
536 3087 702 3173 iubentur,¹

732 3195 779 3258 192
