2018 3714
27 308 48 350 t.
66 309 137 372 107·
163 298 351 355 COMMENT.
365 301 403 353 ΙΝ
418 300 575 354 GENESIN
589 300 786 356 Pnfflrsrto.
865 308 907 372 99

25 396 69 456 Ad
83 416 164 456 verse
175 393 290 455 virtutis
302 392 361 453 iter
371 391 536 474 puerilibus
550 392 644 452 annis.

21 487 141 574 Inclyta
151 485 266 571 legiferi
279 487 341 568 jam
354 485 479 568 pendito
492 486 602 547 scrinia
616 483 716 561 Mori,

21 582 103 664 Quae
115 582 155 643 sit
168 581 254 663 origo
267 579 350 661 poli,
363 578 411 640 vel
422 601 486 659 quse
499 579 668 660 primordie
680 579 805 656 muudi,

18 677 234 754 Arcenamque
245 673 358 750 tidem,
370 672 443 752 quiri
455 685 519 734 toto
533 674 692 735 estserit
706 674 782 735 orbe

19 766 182 830 Mentibus
192 765 356 849 ambiguis,
371 785 429 846 qua
438 766 517 826 rires
529 769 649 828 traxerit
662 779 748 830 sueta

16 861 141 937 Pestis,
153 862 226 923 etin
239 860 345 920 vitium
359 855 465 921 mores
471 880 586 922 cessere
596 861 714 922 vetusti.

15 956 73 1016 Da
86 953 173 1016 Deus
184 966 302 1015 utemur
313 953 483 1015 describere
496 952 622 1038 mystica
632 953 718 1030 vitre,

15 1045 75 1108 De
86 1047 177 1108 simul
189 1060 219 1108 et
233 1058 386 1121 mentem,
399 1047 437 1106 da
451 1067 581 1129 congrua
593 1061 733 1128 tempore
744 1047 856 1124 menti,

16 1139 73 1200 Da
86 1140 236 1215 studium,
249 1151 334 1200 tauto
346 1160 386 1200 ue
395 1140 472 1200 desit
484 1159 557 1202 eura
565 1139 681 1217 labori,

19 1232 262 1312 Successumque
275 1233 390 1294 bonum
401 1233 510 1309 studii,
525 1235 665 1312 quodque
676 1234 781 1294 omnia
792 1247 860 1296 vota

20 1326 45 1385 J
48 1346 104 1386 ure
118 1326 302 1407 supercurrit
313 1330 328 1405 (
339 1326 481 1388 scribenti
494 1326 621 1388 eandida
634 1347 720 1388 meus
729 1333 799 1406 est)

21 1419 76 1479 Ne
89 1421 215 1481 domues
225 1432 357 1495 tautum,
372 1422 453 1500 quod
464 1441 545 1483 nuuc
558 1441 627 1482 reus
637 1423 733 1484 audeo
747 1437 876 1500 munusj

23 1510 273 1593 Criminibusque
286 1514 363 1574 rueis
375 1515 503 1575 counire
516 1527 546 1575 et
556 1535 648 1596 parce
666 1516 823 1601 benignus.
896 1594 901 1603 .

25 1603 158 1682 Quodsi
174 1604 239 1689 lege
253 1605 342 1668 metri
354 1607 517 1686 quidquam
529 1610 701 1689 peccaverit
713 1611 808 1688 urdo,
913 1656 917 1663 .

26 1696 167 1761 Peccarit
179 1718 284 1762 sermu
293 1701 498 1781 improprius,
512 1703 845 1784 neumnensium,
902 1708 905 1715 ’

24 1791 238 1854 Hiueuullum
250 1792 321 1853 fidei
334 1794 437 1854 subeat
450 1814 590 1856 mensura
601 1797 762 1878 periclem.
785 1814 788 1819 ·
904 1816 907 1821 ·

23 1883 87 1946 Per
100 1884 271 1947 Dominum
285 1883 457 1962 Christum,
472 1891 525 1967 qui
533 1901 638 1951 teeuru
651 1903 738 1952 uatus
750 1884 858 1956 erilem

24 1976 185 2060 Maiestate
196 1973 291 2063 νὶςὲι,
305 1980 421 2060 pariter
431 1978 490 2060 qua'
504 1980 636 2062 Spiritus
648 1983 763 2060 almus,

22 2069 244 2155 Incompreusa
254 2073 365 2139 animis
372 2074 524 2138 seclorum
535 2077 567 2135 iu
580 2072 680 2138 semla
692 2076 775 2141 ririt.
