2018 3714
21 259 49 303 v·
64 238 139 329 ³7⁵·
208 253 442 311 summurn
460 216 614 315 oensem
633 262 696 316 nu
709 266 742 321 11.
846 258 901 323 131

21 350 136 412 Donec
148 351 306 411 contractis
318 366 421 411 aestum
428 352 583 414 attollente
597 358 746 436 profundo

24 438 173 522 Undique
186 442 332 502 littoribus
342 463 461 503 summo
472 465 502 505 se
515 446 616 508 circite
626 450 720 532 jungit

21 533 167 610 Fluctus,
182 547 211 595 et
221 536 370 616 oppressis
383 552 563 599 concurrunt
573 561 691 619 aequora
704 546 799 608 terris.

63 626 108 689 Et
119 630 182 707 jam
189 640 235 687 ter
247 628 344 708 quiuis
356 649 447 710 super
458 630 560 690 omnia
573 631 683 692 celsior
697 634 775 697 ulnis

23 724 105 784 Area
116 722 267 782 serebatur
277 725 429 800 (namque
442 721 504 784 haee
515 743 654 784 mensura
664 745 820 806 supremos

23 812 160 876 Excessit
171 816 311 890 montes)
324 834 393 875 eum
407 815 596 897 quadraginta
609 817 713 878 diebus

23 905 129 966 Unius
142 905 249 986 pluviae
261 906 367 979 furor,
380 919 410 967 et
424 925 506 966 mors
519 927 576 967 una
589 908 698 969 suisset.

23 998 89 1060 'I'er
100 986 314 1080 quinquagenis
324 998 434 1060 dehine
445 998 557 1059 solibus
569 1020 637 1060 aere
650 1003 722 1062 sudo

28 1091 208 1155 Consimilis
218 1092 304 1172 ponti
314 1092 422 1152 modus
431 1105 463 1152 et
473 1112 609 1151 mensura
623 1095 773 1155 remansit.

23 1184 113 1246 Dum
127 1183 218 1245 Pater
228 1184 420 1265 omnipotens
431 1185 606 1265 jamdudum
619 1185 650 1244 in
664 1206 781 1248 carcere
790 1191 884 1272 gentis

25 1277 188 1340 Conclusae
199 1277 360 1352 miserans,
374 1277 461 1337 terris
472 1277 630 1338 abscedere
642 1297 783 1360 magnum

24 1369 177 1432 Paulatim
189 1371 272 1452 jussit
283 1369 421 1452 pelagus,
433 1371 602 1449 sensimque
616 1369 708 1430 relabi
722 1394 730 1430 ι

23 1464 78 1526 Ne
91 1463 202 1544 raptim
214 1462 327 1545 fugiens
336 1476 430 1522 terras
441 1463 622 1522 subverteret
634 1482 760 1538 omnes,

27 1555 71 1616 Et
80 1554 236 1616 stabilem
228 1576 260 1614 ru
267 1556 368 1616 sedem
381 1554 468 1615 tellus
478 1567 510 1613 ut
518 1573 595 1615 steca
609 1569 732 1615 mearet.

27 1647 170 1725 Denique
182 1645 287 1706 diffuso
299 1646 405 1726 planus
416 1666 485 1705 mox
495 1666 563 1706 aere
579 1659 678 1706 vertex

27 1740 164 1801 Prodere
174 1754 205 1799 se
215 1740 306 1820 ooepit
316 1739 517 1819 pedetentim,
532 1750 562 1797 et
573 1759 689 1800 summa
700 1714 834 1800 videri

25 1833 142 1895 Posse
131 1852 215 1916 juga,
226 1853 261 1895 ao
271 1833 376 1912 planos
389 1832 519 1913 seopulis
532 1832 711 1892 descendere
723 1830 846 1910 fluetus,

26 1926 168 2006 Cumque
182 1925 320 1986 residenti
333 1925 442 1985 sensim
456 1943 654 2004 prorumpere
667 1923 753 1982 silvas

23 2017 188 2099 Aliqum,
203 2029 231 2077 et
243 2016 373 2079 occultos
386 2015 529 2097 paulatim
540 2035 658 2096 surgere
670 2013 770 2077 eolles.

64 2111 200 2189 Jamque
207 2103 295 2193 niger.
305 2109 405 2190 patula
416 2107 584 2190 speculatur
597 2107 702 2166 missus
713 2106 750 2165 ab
761 2125 850 2184 area,

26 2205 104 2265 Aera
117 2215 293 2304 reppererat
303 2203 478 2307 placidum,⁸
489 2200 648 2282 praedaque
661 2210 778 2279 reperta

25 2296 123 2358 Nori
114 2317 177 2380 lam
168 2296 309 2357 curabat
319 2307 458 2356 consueta
471 2294 502 2351 in
515 2292 639 2370 claustra
652 2291 782 2352 reverti.

24 2387 104 2472 Ergo
117 2389 226 2450 emissa
237 2387 330 2448 semel
342 2386 425 2449 vitali
438 2408 454 2446 e
468 2386 537 2445 sede
549 2383 703 2458 columba,

22 2480 79 2541 Nil
90 2481 225 2542 referens
238 2479 328 2554 certi,
341 2500 458 2540 rursum
473 2477 592 2538 dimissa
605 2487 737 2557 reportat

24 2571 166 2636 Paciferae
180 2573 271 2654 frugis
283 2592 410 2653 parrum
426 2570 556 2630 libamen
569 2568 665 2629 olivae.

24 2662 134 2726 'l'en'tus
148 2666 186 2724 ad
199 2664 343 2726 indicium
355 2664 429 2738 hoc,
448 2664 544 2745 magni
560 2684 627 2723 eum
645 2661 731 2742 laude
745 2661 896 2741 parentis,

26 2756 204 2820 Clausorum
217 2750 321 2831 fletus;
335 2777 394 2836 quo
408 2777 440 2816 se
450 2757 576 2838 gaudere
589 2752 740 2827 revelant,

19 2849 162 2911 Exoritur
176 2872 183 2907 :
198 2862 321 2927 quantus
335 2850 427 2909 muris
442 2870 509 2910 cum
521 2849 617 2908 victor
629 2845 753 2906 acerbus

17 2941 163 3016 insultat,
178 2941 308 3002 subitum
320 2941 444 3001 obsessis
455 2942 480 3001 si
491 2941 567 3000 forte
582 2940 693 2998 lerator

15 3035 175 3097 Auxilium
189 3055 197 3093 ι
211 3047 335 3113 quantus
348 3054 416 3096 eum
427 3033 525 3116 judice
540 3032 629 3092 missa
642 3029 778 3091 modesto
