2046 3712
57 313 179 389 etat„
331 326 688 385 nnoscuuuru.
889 315 951 392 483

57 418 158 484 Hunc
171 419 223 483 ubi
237 421 411 483 tendentem
423 424 579 485 adversum
589 444 646 506 per
656 423 792 508 gramina
800 424 894 500 vidit,
971 445 974 450 ·

57 511 220 584 Substitit,
233 513 448 596 intremuitque
456 515 556 591 ferox,
569 518 710 596 dictuque
726 529 884 600 potentum

58 604 188 670 Saucius
198 629 233 671 ac
244 628 370 690 serpens
380 609 489 672 aititur
500 600 715 692 vocesuperba
729 633 737 670 c

58 695 186 762 Verane
196 714 225 762 te
238 701 349 764 facies?
363 700 463 765 Verus
474 702 551 762 milri
564 702 685 764 nuntius
698 703 812 764 affers?

61 789 127 870 Qui
140 796 254 878 gentis?
266 797 346 855 uude
358 796 473 857 domo?
487 795 538 874 qui
551 808 655 857 nostra
665 797 703 857 ad
716 796 820 857 limina
830 794 948 856 tendis?

59 881 142 948 Fare
155 909 209 972 age
220 888 292 968 quid
304 889 424 964 venias,
438 908 510 950 uam
520 901 551 950 te
562 891 632 951 dure
646 892 712 971 jura
723 889 895 970 loquuntur.

59 976 122 1042 Aut
136 983 202 1061 quis
215 994 243 1042 te
255 983 398 1064 juvenum
412 983 667 1045 confidentissime
675 998 793 1045 nostres

61 1069 157 1136 tussit
166 1075 249 1137 adire
262 1077 393 1138 domos?
405 1078 532 1158 pacique
543 1077 702 1159 imponere
714 1077 858 1139 morem?

61 1162 136 1229 Non
150 1170 291 1249 equidem
303 1170 447 1247 invideo,
459 1171 555 1232 miror
567 1172 661 1254 magis
674 1195 681 1230 ι
696 1171 799 1252 accipe
811 1188 909 1252 porro

63 1258 152 1342 Quid
165 1263 319 1336 dubitem
336 1277 366 1326 et
378 1285 443 1344 quae
457 1285 536 1326 nunc
548 1265 650 1325 animo
661 1265 811 1326 sententia·
818 1274 924 1346 surgat.

57 1348 114 1416 Est
129 1356 237 1417 domus
250 1356 309 1418 alta
322 1379 332 1436 2¹
342 1376 417 1420 roca
430 1355 605 1442 Zephyros,
620 1370 650 1418 et
663 1357 764 1419 labere
776 1357 885 1439 pennis

57 1447 166 1511 Ardua
178 1463 255 1512 tecta
267 1462 374 1532 petens
387 1471 473 1513 ansus
485 1464 515 1512 te
529 1453 652 1515 credere
665 1451 760 1526 coelo,
842 1508 846 1519 ,

57 1537 90 1604 Si
106 1545 202 1606 modo
210 1565 301 1624 quem
314 1564 482 1624 memores,
493 1558 579 1628 pater
590 1558 634 1608 est
643 1545 712 1631 ,cui
724 1545 959 1630 sideraparenu

250 1711 390 1753 cnmsros
413 1713 555 1754 nmsocuru
573 1712 759 1767 monor-run.

100 1808 171 1882 Olli
185 1823 342 1888 subridens
354 1824 456 1882 sedato
472 1837 595 1904 pectore
609 1826 704 1900 futuri

57 1914 153 1976 Haud
162 1926 263 1978 vatum
274 1914 391 1996 ignarus
401 1956 411 1989 ‚
422 1917 599 1992 venturique
612 1919 722 1976 inscius
734 1915 789 1975 ueri
803 1937 812 1974 c

57 2007 261 2069 Dissimulare
275 2008 367 2069 etiam
382 2003 528 2089 sper‘asti‚
542 2006 657 2088 perfide
669 2008 815 2088 serpens?

57 2099 111 2161 Ne
124 2101 261 2176 dubites,
274 2121 346 2161 narn
358 2120 429 2163 vern
442 2101 545 2163 vides:
560 2113 632 2183 opta
645 2102 736 2161 ardua
745 2099 854 2182 pennis

57 2193 149 2256 Astra
161 2195 266 2274 sequi,
281 2194 472 2274 clausumque
484 2213 555 2257 cava
565 2207 593 2255 te
606 2195 738 2258 condere
749 2206 840 2254 terra.

57 2285 135 2364 Quo
148 2289 279 2368 periture
292 2288 376 2349 ruis?
389 2291 563 2371 utajoraque
576 2287 690 2350 viribus
702 2286 812 2347 audes?

57 2379 146 2443 Cede
160 2380 250 2458 Deo,
263 2393 330 2443 toto
342 2383 494 2464 projectus
506 2400 635 2463 corpore
646 2381 754 2442 terrae?
786 2429 792 2436 ,

239 2544 373 2585 numnius
390 2545 477 2584 FUGPF
502 2544 608 2586 contro
623 2544 753 2587 cntttsto.

100 2653 171 2717 Nec
180 2653 270 2735 pluro
278 2655 324 2717 his
336 2679 344 2717 z
358 2655 409 2718 itte
422 2656 573 2741 admiratu
584 2656 755 2721 venerabile
769 2658 903 2749 donum,

57 2752 167 2812 Fronte
181 2749 292 2828 premit
300 2762 430 2826 terram,
446 2765 476 2812 et
487 2771 609 2833 spumas
621 2750 680 2832 agit
693 2768 748 2809 ore
760 2761 913 2826 cruento,

59 2838 289 2922 contentusque
300 2842 370 2926 iugo
381 2844 468 2906 cecis
480 2865 515 2904 se
525 2843 661 2905 condidit
672 2842 797 2905 umbris.
835 2898 843 2913 ,

57 3007 196 3047 DOMINUM
207 2986 335 3048 mmm
341 3007 514 3059 memnonos,
523 3010 560 3048 ΕΤ
572 3008 678 3048 suunt-nt
688 3007 943 3050 succenseamus.

98 3116 220 3185 luteres
232 3138 354 3203 maguus
366 3119 494 3187 volimus
506 3120 530 3183 it
538 3119 622 3183 ieme
631 3139 687 3202 per
698 3120 808 3196 urbes,
834 3175 838 3183 ,
