2018 3714
29 260 57 309 r,
78 237 149 324 3¹7·
237 250 479 309 EVANGELIGAE
497 252 589 307 utsr.
605 254 668 306 uu.
684 258 704 308 1.
832 266 904 334 '209

28 343 185 426 Vitalique
198 338 306 410 debinc
315 349 453 431 pudebit
464 349 546 430 fruge
558 350 741 426 redundans,

28 437 71 500 Et
83 452 163 500 sator
173 440 301 523 accipiet
311 463 476 504 messorum
485 441 589 525 gaudia
601 441 691 503 laetus.

28 531 96 594 Vos
107 553 163 615 ego
177 553 257 595 nunc
268 534 338 595 misi
349 536 499 618 gravidam
512 534 662 596 succidere
675 555 818 612 messem,

29 623 110 705 Quae
119 646 182 687 non
194 639 239 688 est
251 640 348 688 vestro
361 628 448 690 sulcis
461 629 569 689 inserta
580 626 692 688 labore.
723 650 728 659 ·
757 675 761 683 .

27 718 97 780 Vos
108 719 204 781 aliena
213 720 302 781 bonae
315 721 449 781 ditabunt
461 741 586 782 munera
597 720 696 803 frugis.

28 809 156 873 Talibus
166 812 304 893 alloquiis
317 814 461 875 comitum
473 814 545 874 dum
556 825 678 894 pectora
690 813 839 896 complet,

26 901 112 966 Ecce
124 900 306 965 Samaritam
318 905 425 987 populi
438 926 544 967 venere
557 918 710 986 rogantes,

27 993 221 1076 Exorantque
234 994 297 1059 illic
309 1000 443 1080 geminos
453 990 627 1078 impendere
639 997 725 1059 soles.

29 1087 163 1168 Jamque
172 1090 247 1151 fides
256 1090 366 1150 multos
378 1090 476 1173 plebis
486 1091 657 1151 fundaverat
670 1090 745 1167 alta,

29 1179 101 1244 Nec
112 1181 173 1264 jam
184 1173 324 1259 femineis
334 1195 448 1244 tantum
462 1185 641 1246 concredere
655 1184 753 1245 verbis

29 1273 118 1356 lpsos
126 1319 137 1350 ,
145 1322 148 1329 .
157 1276 208 1338 sed
221 1295 324 1338 coram
337 1277 428 1337 virtus
441 1276 596 1338 manifesta
607 1276 748 1354 docebat,

26 1366 168 1431 Venisset
178 1368 250 1431 secli
263 1369 343 1447 qootl
355 1369 416 1451 jam
427 1382 559 1453 servator
571 1369 661 1429 lesus.

65 1461 202 1542 Jamque
216 1461 375 1524 Galilaeam
389 1474 570 1523 remeaverat
582 1463 613 1520 in
630 1463 799 1545 regionem,

26 1553 195 1632 Quondam
209 1555 261 1616 nbi
274 1556 408 1616 fontanas
421 1555 491 1616 vino
506 1566 667 1616 mutaverat
678 1556 780 1618 undas.
796 1568 801 1586 “

28 1644 142 1729 Regius
150 1648 200 1710 bic
212 1648 342 1729 juvenis,
360 1648 408 1709 cui
421 1661 523 1707 natum
535 1647 659 1708 morbus
671 1648 779 1709 anhelo

28 1740 149 1816 Ardore
160 1741 298 1802 extremis
309 1741 377 1802 vitae
389 1741 520 1802 torrebat
532 1740 563 1799 in
578 1740 659 1816 oris,

30 1830 194 1913 Comperit
206 1846 239 1894 ut
253 1830 406 1896 Christum
417 1845 498 1894 certo
513 1852 658 1893 remeasse
671 1852 809 1909 recursu,
872 1829 877 1835 ’

25 1923 176 2000 Aduolat,
191 1938 220 1986 et
232 1925 370 2006 precibus
382 1923 564 2004 sobolispro
577 1939 655 1985 sorte
665 1924 793 2004 profusis

10 2088 15 2096 ¹
27 2015 166 2095 Orabat,
181 2017 286 2080 celeris
298 2018 462 2099 deposcens
474 2015 680 2088 ‹lonesalutis‚
789 2004 792 2017 ¹

25 2109 78 2172 Ne
88 2110 158 2192 pius
170 2109 334 2180 ael-bethum
345 2123 429 2170 natos
441 2109 604 2183 traheretur
615 2108 766 2169 acerbum.

30 2201 168 2264 Christus
178 2204 217 2262 etl
227 2202 312 2265 boec:
327 2201 425 2284 Signis
437 2201 495 2260 nisi
508 2201 628 2260 suadeat
639 2199 741 2260 omnia
750 2200 859 2278 virtus,

24 2292 104 2373 ,Non
117 2295 175 2355 erit
187 2294 247 2375 nlla
260 2295 350 2354 fides:
364 2294 415 2354 sed
428 2313 536 2376 perge,
552 2305 581 2352 et
591 2286 771 2374 sospite'vita

28 2383 163 2447 AEdibus
175 2386 211 2446 in.
220 2387 324 2447 vestris
337 2384 668 2465 dulcemcomplectere
680 2397 799 2449 natum,

13 2476 89 2538 'His
100 2479 200 2540 verbis
214 2478 425 2541 fructum-mox
436 2491 614 2559 perceptura
625 2477 725 2540 salutis

28 2569 160 2632 Pulchra
170 2572 243 2632 fitles
256 2571 510 2632 animumlaetauti
522 2572 688 2651 inpectore
700 2573 807 2632 firmat.

25 2662 169 2743 Jamque
175 2664 232 2724 iter
245 2664 375 2748 ingresso
389 2664 618 2745 properantibus
629 2665 717 2725 obvia
729 2663 820 2725 serris

27 2752 146 2815 Nuntia
159 2756 242 2817 lama·
252 2757 348 2830 venit,
362 2775 514 2836 pueroque
529 2756 694 2815 in-lumiuis
708 2775 775 2815 oras

27 2843 199 2907 Limine-tle
212 2849 320 2908 mortis
330 2848 456 2908 subitam
468 2868 615 2908 remeasse
626 2847 760 2908 salutem.
829 2904 832 2910 .

28 2935 85 2998 llle
93 2939 145 3000 ubi
160 2940 311 3022 cognovit,
324 2952 630 3005 certumconcurrere
643 2951 760 3019 tempus

31 3025 174 3093 Sauautis-
183 3030 300 3096 Cbristi·
310 3031 425 3109 verbis,
435 3051 575 3111 seseque,
591 3032 782 3109 domumque

709 3120 768 3184 18,
