2018 3714
355 267 622 360 CLAUDII
657 275 855 368 MARII

389 580 392 585 ’
429 592 768 705 VICTORIS

266 917 617 1000 COMMENTARII
642 930 693 1003 IN
717 873 937 1014 GENEslN

427 1235 543 1289 LIBER
568 1235 745 1294 TERTIUS.

155 1557 263 1638 Tame
276 1587 376 1636 mente
390 1593 510 1656 gerens,
523 1587 704 1657 venturaque
716 1579 819 1641 secula
832 1603 973 1663 cernens,

152 1672 227 1734 Non
237 1670 320 1752 prius
330 1667 422 1734 officii
434 1668 594 1746 quidquam
606 1683 736 1731 servatus
751 1671 832 1751 inire

153 1763 336 1830 Constituit:
350 1780 440 1840 quam
452 1780 534 1824 sacra
545 1761 614 1822 Deo
629 1761 788 1844 laudesque
797 1773 965 1850 rependat,

152 1856 318 1936 Gr'atesque
331 1873 417 1915 evaso
429 1853 537 1915 referat
549 1854 722 1916 discrimine
736 1855 818 1920 Noe.

151 1952 224 2015 Mox
236 1952 324 2012 niveo
338 1961 584 2030 saernexsurgunt
597 1948 699 2008 altaria
710 1969 796 2027 saxu,

152 2046 335 2132 Agnovitque
348 2044 410 2103 haee
422 2041 520 2121 prima
533 2062 636 2101 recens
647 2042 749 2102 altaria
763 2048 906 2109 mundus.

148 2143 247 2204 Antea
259 2151 336 2198 totus
349 2137 430 2197 enim
444 2155 574 2195 convexo
588 2137 704 2196 tramite
718 2136 805 2212 coeli,

147 2233 311 2315 Templum
326 2231 452 2290 mundus
465 2241 545 2301 erat,
560 2241 622 2288 tum
637 2229 747 2288 dudum
765 2231 803 2289 ad
816 2253 903 2296 sacra
917 2237 1006 2319 parati

147 2327 253 2389 Affluit
264 2346 281 2385 e
291 2322 426 2406 gregibus
438 2322 569 2401 septenis
581 2320 676 2388 hostia
688 2343 821 2405 praeceps
837 2349 845 2384 t

149 2421 209 2482 Seu
221 2417 374 2479 volucrum
386 2438 419 2475 ex
430 2415 546 2494 specie.
562 2414 661 2474 mollis
672 2436 743 2493 quas
754 2417 883 2481 sustinet
894 2443 965 2485 aere

147 2513 217 2576 Sive
231 2516 266 2573 ex'
275 2511 320 2570 bis
333 2531 397 2588 quae
408 2521 487 2568 terea
500 2507 578 2588 parit
593 2528 682 2567 :nam
695 2509 823 2589 septima
835 2535 963 2597 quaeque

145 2609 215 2670 Aris
227 2615 395 2666 sternuntur
408 2603 511 2660 devota
526 2600 665 2660 animalia
677 2602 775 2663 sacris.

144 2698 294 2763 AEthereo
306 2710 369 2755 tum
384 2713 453 2752 mox
465 2693 540 2775 ignis
553 2694 694 2754 demissus
707 2694 870 2779 Olympo,

144 2792 233 2854 Libat
246 2791 384 2850 odoratos
396 2787 432 2846 ad
445 2805 527 2847 sacra
537 2786 639 2846 altaria
651 2787 745 2863 fetus,

142 2882 395 2960 Ambrosiumque
410 2879 479 2951 Deo
493 2877 614 2961 flagrant
626 2879 795 2942 holocausta
806 2905 963 2967 vaporem.

142 2976 184 3040 Et
196 2994 363 3060 quanquam
375 2972 467 3033 nostri
479 2973 521 3031 nil
534 2972 664 3032 muueris
677 2972 807 3057 indiget,
820 2977 875 3039 itte

142 3071 248 3131 Totius
262 3067 364 3127 mundi
379 3064 587 3143 Dominusqne
600 3063 761 3144 Deusque:
776 3088 903 3134 suorum
