2046 3712
92 276 155 357 nol
390 286 472 351 Μ.
488 294 521 348 A·
535 282 714 349 ΜΗ.

90 372 184 448 Hoc:
202 402 257 469 ego
268 382 444 462 restituam,
465 360 848 451 mntem-tuitionem

86 476 240 563 incipient
251 478 372 541 rutilam
387 479 478 541 terrie
487 478 647 541 infundere
658 476 773 541 luceant

86 569 139 636 Illi
151 575 229 634 inter
238 592 302 634 sese
309 584 467 635 tractantes
477 589 752 650 murmure-erecta,

88 664 178 742 Hoc,
192 667 291 741 aiunt,
304 665 352 727 v'ix
363 686 413 727 sex
421 677 456 725 et
467 665 546 745 quad
599 664 607 681 ⁸
670 666 842 747 perennet

85 756 303 825 Constructurn
314 758 423 820 veteris
432 757 562 841 regnirn
596 758 605 775 '
640 757 689 821 ‘ue
702 758 848 843 templun

82 846 676 932 Tupotcr'istribnsiuspetiis'renorsre
687 852 835 917 dierum?

88 941 161 1006 Hoc
172 938 298 1006 verbum
308 944 460 1023 qnondam
473 954 543 1024 post
554 955 696 1025 tempora
707 944 848 1009 debitad

88 1033 266 1120 Cognovere
277 1035 354 1112 riri,
363 1036 495 1117 ‘proprio
507 1037 682 1117 decarpere
697 1032 848 1105 Christum

52 1186 55 1191 .
86 1128 257 1192 Delubrur'u
269 1126 374 1189 dixisse
387 1127 471 1205 Dei}
484 1130 538 1189 scd
549 1129 631 1213 signa
643 1128 787 1191 ridentes

85 1216 173 1285 Tunc
182 1221 269 1283 molti
281 1241 390 1303 cepere
402 1221 511 1296 tidem,
522 1220 717 1301 sanctumque
725 1214 848 1285 sectata:¹

127 1314 227 1377 Nocte
238 1314 293 1375 sub
304 1315 431 1377 obscura
443 1313 524 1375 celso
537 1312 668 1375 sublatus
679 1314 806 1379 honore

86 1405 261 1469 Primorum
271 1426 434 1488 procerum
444 1404 545 1465 tutet
556 1404 691 1467 nominis
703 1426 786 1469 uuus
841 1468 844 1473 ,

87 1500 201 1578 Venit,
215 1502 295 1563 etad
310 1498 464 1563 Christum
475 1501 621 1561 submissa
632 1519 707 1562 voce
717 1500 847 1581 proten

88 1594 182 1657 Haud
194 1594 469 1673 dubiumest‚qniu
478 1578 682 1675 largaDeitc‚
699 1608 848 1673 sancte„

87 1686 238 1750 Humanis
250 1686 350 1749 luceru
359 1685 507 1749 concessit
516 1704 635 1768 surgere
647 1684 757 1761 rebus,

86 1779 156 1845 Nec
168 1781 323 1860 quisquam
331 1779 420 1839 tantis
430 1777 535 1838 tribuit
546 1776 690 1839 miracula
702 1778 820 1860 signis,

86 1873 131 1935 Ni
143 1874 281 1936 comitata
291 1871 353 1932 Dei
364 1872 464 1953 jubeat
474 1870 680 1951 splendescere
693 1871 801 1932 virtus.

89 1958 223 2029 Christos
236 1967 273 2026 ad
284 1965 347 2025 haec
359 1988 367 2023 :
382 1963 468 2023 lteris
478 1962 546 2043 justi
557 1963 584 2021 si
598 1962 730 2023 culmina
741 1964 848 2041 quaeris

87 2059 196 2120 Nullus
208 2061 245 2119 ad
257 2057 401 2118 excelsum
415 2056 526 2136 poterit
539 2057 740 2117 conscendere
753 2078 848 2140 regnu

86 2151 214 2212 Reddita
226 2151 257 2210 ni
269 2161 405 2231 penetret
417 2149 557 2229 nascendi
569 2149 688 2208 exordia
701 2169 823 2225 rursus,

87 2245 184 2326 Atque
197 2264 306 2304 novam
318 2244 414 2322 capiat
424 2241 525 2301 divino
539 2262 663 2301 munere
673 2241 779 2302 vitam.

87 2339 142 2398 llle
156 2334 254 2397 autem
265 2336 352 2395 tantis
365 2334 543 2414 stupefactus
557 2334 647 2395 corda
657 2332 810 2412 loquelis,

89 2431 174 2505 Hoc,
190 2430 305 2506 inquit,
323 2441 430 2487 nostroe
440 2440 558 2486 nonest
572 2425 792 2506 comprendere
806 2448 848 2490 mt

89 2526 166 2605 Quis
177 2521 287 2603 poterit
299 2533 401 2601 coeptae
414 2540 553 2581 revocare
566 2519 686 2579 exordia
695 2518 786 2578 vitae?

87 2619 135 2679 An
147 2635 245 2676 rursus
259 2615 359 2674 senior
369 2614 472 2673 matris
483 2624 636 2692 correptet
648 2611 681 2670 iu
693 2608 816 2688 alvum,

87 2710 133 2772 Ut
143 2727 235 2769 novus
249 2707 279 2765 in
293 2706 390 2767 lucem
404 2707 521 2780 veniat,
537 2707 686 2783 vitamque
699 2706 848 2768 resumat?

86 2803 141 2865 Ille
153 2803 206 2863 suh
218 2801 300 2860 haec:
316 2797 444 2876 Liquido
458 2799 483 2858 si
499 2799 564 2877 quis
577 2800 613 2858 de
627 2797 708 2856 fonte
722 2809 843 2857 renatus

88 2897 127 2957 Et
139 2895 209 2954 flatu
222 2903 339 2963 sancto,
354 2890 476 2951 rudibus
488 2891 650 2952 consistere
660 2889 810 2949 membris

89 2986 239 3068 Coeperit,
253 2983 411 3044 aetheream
423 2983 500 3043 liber
512 2984 690 3044 conscendet
702 2983 733 3041 in
747 2982 848 3044 aulatu

86 3079 254 3142 Terrenum
266 3096 374 3158 corpus
385 3089 504 3138 terreno
516 3095 644 3158 corpore
653 3087 755 3137 natum
766 3086 823 3138 est.
