2046 3712
113 248 173 313 rso
393 260 432 319 u
412 208 531 319 Π,
540 254 715 329 leVffltCl
862 270 892 353 'i

113 353 218 434 Quem
227 353 341 416 callens
353 354 439 415 astris
449 347 598 437 quaesisset
610 374 683 429 cura
696 350 856 441 Mc'gcrnn.
874 386 892 451 ‚p

110 447 260 527 Quorum
266 459 416 528 praecanto
428 447 559 509 discessu
570 446 791 529 conicimus

109 540 324 602 Horribilem
314 541 396 621 lussit
409 538 590 603 Bethlehem
600 560 658 622 per
669 542 806 627 compita

107 632 240 696 Infantes
252 635 395 694 mandans
403 645 618 715 ,teneramque
628 632 685 695 snb
697 634 790 697 ubere
841 708 845 721 Ι
861 630 868 641 “

106 726 206 787 Arelli
219 726 300 787 ferro
313 725 396 787 nullo
407 725 462 786 sub
475 725 603 787 crimine
615 724 760 807 calpe..
857 714 864 727 '

107 818 184 881 Haec
197 820 286 880 etiam
298 819 394 880 caedes
405 800 481 877 oiim
492 818 665 899 prescripta
677 802 866 923 ιιιιιιο11-

108 911 211 992 Qnam
222 912 318 972 bonus
332 909 476 971 ieremias
487 910 590 971 divino
602 909 730 975 numine
731 886 843 993 imi

107 1005 305 1086 Complorat,
319 1002 430 1064 misero
443 1002 558 1063 sobolis
567 1023 625 1086 pro
636 1002 858 1071 iunerematree

104 1097 276 1160 Horrendrs
287 1096 415 1179 graviter
426 1094 536 1157 coelum
547 1094 666 1178 pulsare
678 1078 867 1181 querelis·
864 1160 867 1167 ,

101 1190 348 1271 Astubisopitns
362 1188 517 1263 furorem,
532 1188 795 1275 etsaevatyrcnni
861 1192 877 1245 ἶ·

101 1279 255 1345 infantum
267 1281 406 1343 horribili
420 1280 520 1341 feritas
530 1282 636 1343 satiata
647 1302 756 1363 cruore
849 1314 864 1353 e

100 1376 279 1439 Exstinxisse
292 1386 375 1455 putat
387 1387 528 1449 cnnctcs,
542 1394 617 1453 quos
627 1373 804 1485 primus3et
776 1378 810 1437 et'
856 1436 867 1461 ..

100 1470 206 1533 Annus
213 1467 344 1541 letbrserr
356 1465 483 1527 miseros
496 1479 686 1547 oppresserat
697 1468 775 1529 mit
849 1476 865 1525 ,ἱ

140 1560 288 1623 Mirandis
300 1579 400 1620 rursus
410 1557 563 1619 devinctus
575 1560 715 1621 membra
725 1580 834 1643 sopore

98 1654 234 1738 Urgetur
246 1651 379 1712 monitis
384 1648 532 1726 Mariam,
543 1671 732 1732 puerumque
742 1650 847 1741 loseph
863 1660 876 1731 f,

98 1746 236 1830 AEgyptc
249 1746 287 1805 ad
299 1744 427 1836 patriam
440 1746 572 1818 vectare,
587 1742 640 1804 nbi
655 1742 686 1804 N
687 1762 775 1805 azara
786 1744 892 1853 felix-p

99 1840 187 1900 Olim
200 1837 374 1919 praedictum
388 1855 483 1917 puero
496 1822 578 1896 dedit
590 1837 699 1896 addere
712 1818 877 1899 numeni*

97 1933 182 1993 Dixit
194 1943 223 1990 et
236 1929 356 1990 alterius
369 1927 568 2006 quondam'
535 1929 706 2008 praenuncia
718 1931 793 1992 ratis

68 2084 72 2089 .
98 2026 186 2088 Vox
177 2026 315 2085 instincta
329 2021 416 2081 Deo.
430 2020 558 2095 Veniet,
574 2023 673 2082 reniet
686 2044 755 2085 mea
767 2022 864 2107 proles

95 2119 233 2202 AEgypto
244 2138 281 2177 ex
294 2115 350 2174 alta
364 2115 449 2174 terris
463 2114 641 2192 lumenque,
655 2108 803 2196 salusque.

97 2211 259 2276 Crescebat
271 2208 384 2290 rapidis
394 2228 540 2267 annorum
554 2209 699 2289 gressibus
714 2210 830 2288 inians,

95 2306 266 2367 Occurrens
279 2323 375 2362 aevum
388 2300 531 2383 sapientia
544 2302 762 2380 praeveniebat,

93 2398 257 2475 Gratiaqne
270 2397 301 2454 in
315 2395 414 2468 vultu,
429 2407 458 2455 et
471 2394 568 2453 verbis
580 2397 750 2456 veneranda
763 2396 892 2461 micabat

132 2491 173 2551 Et
184 2493 245 2571 jam
255 2489 388 2548 bissenos
400 2486 454 2547 aevi
466 2489 697 2566 comprenderat
709 2508 828 2567 annos,

93 2584 173 2648 Cum
181 2581 295 2664 paschae
306 2580 397 2638 ritum
409 2598 526 2639 servare
539 2599 572 2638 ex
585 2601 671 2641 more
685 2595 831 2660 parentes

20 2734 23 2738 ,
88 2681 138 2739 Ad
151 2675 299 2755 templum
313 2673 370 2733 laeti
382 2693 509 2752 puerum
519 2674 683 2752 perducere
695 2674 776 2736 festis

89 2770 243 2832 Omnibus
255 2786 402 2826 annorum
415 2765 528 2825 vicibus
542 2767 578 2826 de
593 2787 678 2826 more
695 2767 845 2833 solebant.

85 2864 168 2953 Ergo
181 2863 302 2922 aderant
315 2858 430 2938 paschae
443 2858 573 2938 pariter,
589 2860 760 2939 cunctisque
774 2863 883 2927 diebus

85 2957 245 3019 Festornm
257 2951 388 3061 impletis
399 2952 528 3033 patriam
540 2973 673 3014 remeare
686 2955 845 3035 parabant.

130 3047 210 3112 Cum
223 3067 298 3129 puer
308 3047 339 3147 in
352 3045 467 3128 populo
481 3045 599 3108 comitis
609 3046 730 3131 vestigia
743 3050 851 3113 matris
