2018 3714
53 269 184 356 adop.
386 285 641 340 nomast-s.
883 276 942 340 311

55 372 223 458 Excipitur
233 375 372 458 placido,
386 399 548 460 mensaque
562 380 694 461 expletus
703 381 828 459 eadem,

60 465 214 552 Optatam
225 469 340 535 rerebit
352 473 451 554 posito
464 474 636 536 discrimine
647 493 763 556 pacem.
796 567 803 585 Ι

443 620 561 684 XXVI.

61 750 141 816 llaec
154 751 234 814 iuter
245 753 362 815 medios
374 753 466 836 surgit
477 755 626 818 discordia
639 755 752 833 fratres.

62 842 208 929 Namque
218 859 304 928 pater
315 846 406 930 longo
416 848 590 930 jamdudum
602 850 745 931 grandior
754 864 841 928 aevo,

62 939 219 1002 Amissum
228 960 299 1002 cum
311 940 375 1002 sole
385 941 485 1016 diem,
499 940 660 1022 oculosque
672 944 804 1024 sepultos

64 1028 171 1095 Mente
185 1032 286 1095 serens
296 1033 430 1114 placida,
444 1048 632 1114 mortemque
645 1035 753 1098 instare
765 1040 942 1117 recordans,

64 1121 221 1210 Maiorem
234 1140 354 1203 natum,
367 1127 460 1208 pietas
473 1150 564 1209 quem
577 1129 641 1190 sola
652 1130 789 1204 videbat,
822 1173 828 1180 -

62 1214 218 1308 impellit,
231 1232 329 1281 sumat
338 1221 528 1302 pharetram,
542 1222 712 1301 celeresque
723 1225 855 1306 sagittas,

56 1309 272 1393 Exbilteatqoe
283 1313 342 1375 sibi
353 1334 455 1376 carues
468 1316 505 1376 de
517 1336 603 1377 more
611 1316 747 1392 ¹ferinas,

56 1404 249 1487 Sumpturus
260 1407 365 1488 patriae
377 1409 535 1469 confestim
548 1429 674 1470 munera
685 1409 801 1493 liuguae.

53 1502 98 1567 tt
112 1500 257 1564 Rebecca
268 1501 390 1577 ridens,
405 1521 507 1564 carum
519 1504 569 1563 dat
580 1504 656 1565 scire
670 1503 831 1578 Iacobum,

59 1595 283 1678 Compelleus,
296 1595 433 1678 gemim
443 1609 475 1656 ut
486 1597 655 1680 promptim
667 1597 779 1658 delerat
790 1597 908 1673 htcdos,

60 1689 115 1751 Ac
127 1708 185 1769 pro
196 1687 288 1749 fratre
298 1690 373 1772 rago
385 1690 500 1750 studeat
512 1702 644 1751 mactare
656 1690 783 1770 parenti.

59 1779 107 1841 Et
120 1802 160 1842 ne
170 1782 248 1842 sorte
260 1780 347 1841 dolos
357 1782 482 1842 undaret
494 1801 623 1862 corpore
637 1782 717 1857 leni,
740 1804 743 1809 ⁴

62 1874 202 1937 Pellibus
215 1874 343 1957 obtegit,
356 1874 502 1935 hirsutum
516 1896 581 1954 quae
592 1874 658 1935 sore
669 1886 825 1954 praestent,

60 1971 272 2048 Fraternaque
282 1980 351 2050 toga
362 1967 524 2048 praevelans
536 1980 654 2049 pectus,
668 1979 699 2027 et
710 1978 808 2042 artus,

63 2063 193 2126 Obtulit
205 2062 341 2142 indeptas
350 2060 442 2122 veluti
452 2061 606 2125 venatibus
618 2078 708 2121 escas·

63 2153 137 2218 Nec
150 2168 251 2217 tamen
260 2154 389 2218 occuluit
400 2156 521 2236 penitus
531 2153 699 2235 praenuntia
711 2153 811 2214 corda.

66 2247 211 2328 Namque
220 2247 299 2310 senis
309 2248 448 2329 juvenem
461 2259 558 2308 toturn
570 2248 640 2306 dum
653 2247 769 2306 dextera
781 2245 910 2323 lustrat,-

67 2333 177 2405 Noscit
189 2354 219 2402 at
229 2338 342 2402 Esaum
355 2341 442 2416 setis,
454 2341 506 2402 sed
517 2360 591 2404 voce
605 2338 760 2401 lacobum.

64 2435 112 2497 Ac
121 2446 280 2516 postquam
288 2433 579 2517 compressalames,
592 2431 764 2511 dimotaque
776 2451 879 2495 mensa
887 2443 943 2510 est,

65 2528 237 2603 Admouet,
252 2540 284 2591 ut
294 2529 420 2610 propius
429 2549 493 2590 sese
505 2528 661 2608 sistatque,
676 2527 822 2607 locetque.

65 2619 122 2681 llle
132 2619 186 2682 ubi
198 2621 328 2683 demisso
341 2622 478 2684 successit
491 2621 601 2684 vertice
614 2623 741 2694 dextrae,

67 2711 206 2776 Candida
214 2715 390 2795 sanctiloqui
403 2715 541 2796 percepit
553 2715 633 2777 dicta
645 2713 777 2794 parentis
790 2754 801 2787 ,

65 2802 182 2870 Oscula
194 2808 267 2868 dum
279 2809 388 2889 pressis
401 2807 514 2869 delibat
524 2807 622 2869 dulcia
635 2806 737 2866 labris.

61 2898 150 2989 Nam
162 2913 231 2980 post
240 2914 341 2983 optata
353 2901 447 2985 longa
458 2900 641 2964 commercia
651 2897 738 2972 vitae,

61 2991 212 3053 Anterior
223 2991 316 3054 irater
326 2993 456 3055 minimo
470 2992 581 3055 servire
592 2989 719 3072 jubetur.

61 3082 186 3153 tunna
198 3083 313 3169 Fatus,
328 3086 424 3172 longis
436 3083 616 3156 discursibus
625 3095 721 3162 actos,
788 3159 793 3169 Ι
