2018 3714
78 274 136 335 130
288 284 431 340 cetunu
445 287 547 339 natm
564 282 732 339 merome
843 270 936 350 etti.

74 375 144 438 Nec
156 395 242 437 mora
255 376 305 453 fit,
318 366 461 457 quidquid
475 398 605 439 convexo
616 377 738 439 cardine
752 376 825 440 c'ueli

75 468 234 544 Nascitur,
247 471 381 553 ignotum
391 471 514 531 diversis
527 470 660 551 partibus
672 471 778 545 orbis,

77 560 172 641 Quod
185 576 283 642 stupet
295 562 397 637 Eous,
413 564 492 641 quod
502 563 630 642 pallidus
639 562 744 622 horret
756 562 882 639 iberus,

75 654 220 717 Australis
232 654 335 739 Libyae
348 655 450 717 calidis
464 656 544 734 quod
557 655 650 714 nutrit
660 655 782 729 arenis,

77 744 193 809 Scindit
207 747 422 831 Hyperboreas
436 748 514 807 miro
530 749 610 827 quod
623 747 737 808 lumine
749 761 876 824 noctes,

77 838 212 900 Festinat
225 841 374 921 trepidans
386 853 416 900 et
428 853 537 920 apertae
548 841 736 922 immergitur
747 861 838 903 arcae.

78 931 236 994 Diluvium
248 934 327 993 dicas
339 933 398 1013 jam
412 934 619 1013 praesensisse,
633 931 768 1013 Deoque

44 1065 47 1069 ·
79 1026 205 1088 Auctori
218 1045 322 1107 parere
334 1045 406 1100 suo,
419 1039 448 1085 et
460 1028 590 1106 pecudes
603 1027 719 1087 ratione
729 1041 876 1089 carentes

80 1117 152 1179 Plus
165 1138 255 1198 quam
267 1119 470 1199 imprudentes
481 1118 621 1180 homines
631 1119 747 1180 ratione
760 1120 883 1195 valere,

80 1210 147 1273 Etsi
160 1211 204 1272 nil
216 1211 341 1292 sapiunt.
357 1209 437 1294 Ergo
450 1211 534 1270 omni
547 1211 661 1272 semine
671 1212 739 1273 ritae

82 1303 280 1366 Praevalidam
292 1317 324 1365 ut
335 1305 469 1384 primum
481 1302 577 1365 claudi
591 1302 675 1365 Deus
686 1305 820 1384 imperat
833 1322 949 1379 arcam,

82 1396 156 1457 Nox
167 1398 243 1470 ruit,
259 1409 288 1456 et
299 1396 402 1457 subitae
416 1395 524 1458 coelum
535 1397 684 1456 obduxere
696 1398 851 1474 tenebrae,

83 1488 248 1569 Eliusoque
260 1490 367 1551 cadens
379 1502 471 1550 terras
482 1488 551 1549 serit
563 1509 630 1577 aere
643 1489 785 1567 nimbus,

85 1580 128 1642 Et
138 1583 223 1655 furit,
238 1595 267 1642 et
279 1593 342 1640 toto
355 1582 468 1661 pariter
480 1582 599 1643 desaevit
611 1583 643 1640 in
657 1583 746 1642 orbe.

86 1673 234 1751 Neeqatis
245 1673 358 1734 excidio
371 1686 414 1733 est
427 1674 478 1752 qui
488 1674 616 1734 nubibus
627 1672 721 1734 etttutt
733 1674 860 1749 imber,

87 1766 226 1845 Antiquae
239 1766 370 1826 laxantur
382 1785 482 1844 aquae,
495 1768 614 1849 jamque
627 1766 733 1826 aethere
745 1778 854 1848 aperto

87 1858 125 1920 ln
135 1860 228 1920 nubes
239 1879 343 1920 vacuas
356 1858 465 1920 coelum
477 1859 569 1938 pluit,
588 1872 617 1919 et
630 1872 756 1919 reserata

89 1952 205 2014 Defluit
218 1954 248 2012 in
261 1954 398 2037 lymphas
410 1954 538 2013 mundns
553 1953 677 2014 coelestis
687 1953 792 2037 abysso
808 1995 818 2025 ‚

89 2048 187 2127 Atque
199 2067 294 2107 novos
306 2045 410 2125 pandit
421 2045 533 2119 tontes,
549 2045 729 2104 torrentibus
740 2064 852 2123 aequos.

89 2139 234 2219 Dumque
247 2159 307 2198 uno
319 2136 487 2198 immixtum
501 2137 611 2216 raptim
623 2158 654 2198 se
667 2137 777 2219 gurgite
788 2136 905 2218 jungit,

93 2232 188 2312 Quod
201 2232 325 2305 coelum,
339 2230 419 2308 quod
431 2230 627 2304 terravomit‚
640 2229 953 2309 quodnubilalundun

92 2325 221 2387 Involvit
232 2343 345 2386 mersos
358 2322 454 2382 mixtis
467 2322 630 2382 cultoribus
641 2342 743 2404 agros,

93 2417 317 2498 Implicitasque
327 2435 427 2498 greges
438 2413 577 2489 stabulis,
591 2436 659 2476 cum
670 2414 783 2474 civibus
797 2414 912 2492 nrbes,

96 2508 210 2570 Obruit
222 2510 298 2569 inter
309 2526 398 2588 aquas
411 2530 418 2566 ι
432 2507 597 2587 populique
610 2519 728 2565 natante
741 2505 845 2579 ruina,

94 2602 189 2663 Nulla
201 2615 300 2661 manet
311 2620 413 2661 rerum
425 2599 533 2660 facies:
548 2599 619 2681 tegit
633 2600 735 2658 omnia
746 2597 861 2657 llumen
873 2641 885 2674 ,

98 2694 326 2772 Crescendoque
339 2713 424 2754 suum
436 2693 564 2772 perdunt
576 2705 605 2753 et
619 2690 741 2750 flumina
753 2709 881 2752 nomen.

97 2786 172 2847 Mox
184 2786 272 2845 etiam
285 2806 388 2859 cursu,
401 2784 490 2844 nullis
502 2782 643 2846 satiabilis
653 2802 784 2860 unquam

96 2878 245 2938 Amnibus
259 2876 413 2949 Oceanus,
428 2890 488 2936 tam
502 2896 607 2959 magna
619 2875 700 2937 mole
713 2886 832 2965 ruentes

98 2969 121 3033 J
123 2991 171 3029 am
180 2969 330 3050 praesentit
341 2987 429 3047 aquas
441 2990 448 3027 ε
463 2981 549 3030 aucto
561 2989 630 3047 quas
638 2967 748 3050 gurgite
761 2967 859 3046 major

100 3062 207 3139 Pettt,
222 3061 294 3123 etin
308 3060 460 3123 cumulum
475 3063 632 3135 redeuntes
642 3079 759 3143 surgere
769 3058 862 3143 cogit..
