2018 3714
10 269 120 336 2256.
222 282 464 338 Evtttofflem
483 285 573 338 utst.
592 285 656 340 ms.
673 285 720 351 lv„
836 277 898 340 263.

10 378 49 441 dt
62 398 199 458 nequam
210 398 312 438 servus
325 377 463 439 tenebras
474 380 627 441 demersus
640 383 679 441 ad
691 382 783 461 imas,

10 471 183 555 Perpetuos
196 469 283 532 lletus
294 491 390 551 poenae
403 470 531 532 stridore
546 471 722 553 frequentet.

49 566 104 626 En
118 564 252 626 hominis
264 576 349 624 natos
361 563 479 640 veniet,
493 566 644 646 patrisque
658 567 801 630 ministris

10 658 168 743 stipatus,
182 656 261 720 celsa
271 657 361 739 judex
373 656 405 717 in
419 659 488 738 sede
501 659 626 721 sedebit.

10 753 105 815 Tunc
116 765 216 836 gentes
227 763 340 813 cunctoe
351 752 475 814 diversis
487 753 622 834 portibus
635 753 718 814 orbis

12 845 228 919 Convenicnt‚
243 846 397 928 justosque
410 866 515 907 omnes
529 846 565 906 de
580 845 647 907 labe
661 845 813 908 malorum

13 938 179 1013 sesemet,
193 938 352 1017 dextroque
365 938 462 1000 libens
475 939 506 999 in
519 951 604 1020 parte
617 938 731 1000 locabit
747 960 756 998 ε

16 1032 57 1093 At
69 1052 180 1113 pravos
193 1030 268 1093 loeva
281 1032 438 1114 despectos
450 1044 535 1113 parte
548 1031 713 1111 relinquen

17 1124 66 1187 'Ut
78 1137 181 1207 pastor
192 1124 311 1206 pecoris
322 1124 465 1186 discernit
478 1143 586 1204 pascua
599 1124 703 1200 mixti,

22 1217 177 1302 Lanigeris
187 1217 281 1279 dextri
293 1217 472 1299 permittens
482 1216 588 1277 mollia
601 1217 698 1298 prati,
806 1292 808 1296 Α

20 1309 163 1375 Atlcevos
174 1309 260 1370 hirtis
271 1311 378 1371 dumos
388 1311 515 1371 tondere
529 1309 662 1390 capellis.

21 1401 81 1483 Sed
94 1404 197 1465 rexad
208 1403 324 1464 dextros
336 1422 514 1479 conversus,
529 1403 599 1464 talia
612 1404 710 1466 dicet:

19 1494 91 1561 Hoc
101 1497 226 1560 veniant
237 1497 348 1571 sancti,
360 1496 535 1578 jamdudum
547 1497 647 1558 debita
657 1511 776 1559 sumant

18 1587 113 1652 Dona
123 1589 237 1672 patris,
251 1589 356 1649 mundi
368 1610 434 1668 quse
447 1603 514 1650 sunt
526 1608 654 1669 aequaeva
664 1589 805 1668 nitentis,

17 1682 158 1768 Et·jostis
167 1681 275 1764 primo·
280 1681 430 1763 promissa
440 1695 583 1762 parantur
595 1682 633 1743 ab
647 1697 725 1744 ortu.

16 1776 167 1858 Namque
177 1776 257 1838 lame
270 1774 379 1837 fessum
392 1776 543 1855 quondam
552 1797 602 1836 me
614 1789 696 1859 grata
706 1778 811 1840 reiecit

16 1871 102 1933 Haec
113 1869 237 1953 plebes,
249 1882 383 1952 potuque
396 1868 477 1929 sitim
489 1869 565 1928 mihi
577 1889 656 1950 saepe
668 1871 815 1947 removit,

17 1964 231 2047 Hospitioqoe
243 1966 351 2025 domus
363 1963 459 2044 potuit
472 1962 547 2022 mihi
559 1982 638 2042 saepe
651 1974 776 2037 vocato,

19 2058 65 2135 Et
78 2059 177 2119 nudus
189 2057 276 2120 restis
287 2055 480 2118 blandissime
492 2054 624 2136 tegmina
636 2055 750 2135 sumpsi
760 2097 770 2129 ,

24 2148 169 2212 Carceris
181 2156 211 2211 et'
223 2148 319 2230 poenis'
331 2146 441 2209 h'ornm
454 2147 560 2208 solatia
572 2146 650 2227 cepi.
799 2139 804 2149 ’

24 2242 112 2303 Τιιηι
122 2241 259 2304 Domino
272 2242 323 2302 tali
338 2230 521 2322 respondent
533 2259 607 2301 voce
620 2240 699 2300 beati
712 2263 720 2301 r

25 2336 106 2399 Non
118 2336 258 2399 meminit
267 2348 404 2397 nostrum
418 2335 575 2415 qnisquam
587 2346 616 2394 te
630 2334 725 2396 risere
737 2337 868 2415 nudum,

23 2430 59 2491 N
62 2453 97 2493 ec
109 2429 198 2491 firmis
208 2449 385 2511 oppressum
397 2429 470 2489 dura
483 2427 596 2489 ditione
606 2420 738 2513 notarit,

25 2522 170 2587 Carceris
180 2535 231 2584 aut
243 2523 338 2605 poenis
351 2522 490 2583 meminit
499 2523 606 2584 vidisse
618 2522 794 2586 revinctum.

26 2616 230 2700 Respondent
241 2615 299 2676 illis
311 2615 390 2677 dicet
399 2628 463 2676 tom
476 2614 547 2675 talio
557 2616 660 2698 judex:

25 2709 187 2772 Fratribus
197 2710 252 2771 ists
263 2709 355 2785 meis,
369 2708 497 2770 humiles
508 2709 680 2772 miserando
693 2707 828 2782 labores,

28 2804 95 2886 Qui
108 2805 200 2880 iecit,
214 2815 328 2866 eertum
342 2815 385 2865 est
398 2803 515 2864 dulcem
529 2804 605 2863 mihi
618 2821 734 2885 ponere
748 2801 889 2866 fructum.

28 2897 71 2960 At
81 2919 153 2973 vos,
172 2897 292 2979 injusti,
305 2897 388 2980 justis
399 2898 548 2960 succedite
561 2895 710 2969 flammis,

29 2990 74 3052 Et
85 2991 180 3073 poenis
191 3010 312 3072 semper
321 3004 455 3053 mentem
467 3001 580 3053 torrete
595 2982 775 3070 malignam,

33 3081 121 3167 Quas
132 3096 218 3167 pater
229 3082 387 3153 horrendis
399 3081 531 3145 harathri
543 3101 600 3164 per
610 3092 711 3165 stagna
721 3082 863 3163 profundi
