2018 3714
118 234 178 310 sio
344 245 487 298 CLAUDII
502 247 602 300 mann
616 245 781 302 VICTORIS
885 260 913 301 v.
927 237 981 323 167.

118 342 220 426 Coepit
232 343 263 414 in
275 342 340 405 haee
351 357 469 405 moestas
480 343 650 405 tristissima
660 345 754 407 rerba
767 346 926 426 querelas:

116 436 190 497 lleu
202 457 291 516 quam
304 458 365 497 non
378 450 472 498 certus
484 437 550 497 vitae
559 450 651 498 status
660 439 770 500 ordine
782 453 888 522 coepto
952 470 955 477 ·

114 529 189 591 Fert
201 530 362 592 homines?
374 550 527 611 quamque
536 531 656 613 ignaros
668 531 716 593 sel
727 553 884 615 prospera
896 533 988 597 fallunt

115 621 177 685 Per
189 624 286 684 varios
298 625 399 699 nasus?
413 643 504 702 quam
515 624 578 684 voti
590 644 707 686 summ
719 626 811 706 petiti

114 715 229 778 Tendit
240 719 272 777 iu
285 716 460 779 adversum?
472 718 534 798 jam
547 738 602 778 nos
615 718 778 796 (statuere
793 719 842 783 fas
853 725 923 800 est)

115 808 210 891 Quod
222 825 340 892 sperata
350 823 473 893 patrum
481 813 620 893 precibus
632 832 795 875 numerosa
809 828 959 898 nepotum

117 902 221 967 Crevit
231 906 336 979 turba,
350 907 431 988 piget
440 907 625 989 espargenda
635 918 679 967 est
691 907 807 989 quippe
823 909 984 990 per'orln

115 996 229 1060 Exsilio
243 997 390 1061 cumulata
401 1020 526 1072 manus,
539 1001 714 1081 periuraque
725 999 818 1082 longe

114 1089 242 1153 Finibus
253 1091 410 1173 apatriisz.
419 1113 474 1153 uos
485 1112 555 1175 ergo
566 1093 675 1154 siccine
689 1093 813 1154 tandem

113 1183 218 1268 Longa
229 1185 372 1268 pauperie
385 1186 516 1262 delecta,
530 1186 737 1264 inhonoraque
751 1188 916 1266 membra,

113 1277 212 1361 Ignoti
225 1281 362 1342 dabimus
372 1280 483 1361 passim
493 1280 667 1341 tumulanda
676 1279 847 1360 sepulcris?

112 1370 182 1435 Nee
191 1374 296 1435 saltem
307 1374 410 1434 misni
423 1373 544 1434 tumulis
556 1372 729 1436 claudemur
741 1373 854 1436 avitis?

112 1463 263 1546 Nullaque
276 1467 333 1528 erit
342 1467 437 1528 nostri
450 1479 519 1549 post
530 1479 662 1528 mortem
674 1465 754 1526 sama
766 1470 951 1549 superstes?

114 1559 219 1638 Quare
231 1560 307 1642 agite
320 1581 339 1620 o
349 1563 490 1642 juvenes,
504 1562 576 1621 dum
589 1560 667 1622 vires
678 1559 766 1620 turba
777 1560 932 1623 ministrat
943 1604 959 1638 ,

115 1648 194 1730 Quae
206 1651 291 1712 vobis
301 1667 454 1732 superest,
467 1676 534 1734 quae
545 1654 637 1714 finem
653 1652 764 1713 neseiat
776 1651 877 1715 ullum
886 1696 905 1732 r

113 1742 272 1827 Egregiam
285 1747 402 1807 aeternis
413 1748 525 1808 lamam
536 1746 677 1806 dimittite
689 1744 783 1806 lactis.

113 1836 234 1900 Urbem
248 1840 428 1914 condamus,
443 1842 526 1922 eujus
537 1839 591 1900 sub
602 1838 712 1900 moenia
723 1851 849 1899 turrem>

112 1929 218 2010 Usque
232 1931 417 2007 attollamus,
433 1933 529 1995 donee
541 1931 693 2014 pingentia
704 1929 815 1992 coelum

113 2022 220 2086 Sidera
230 2038 258 2086 et
271 2025 376 2087 excelsi
390 2045 519 2087 convexa
529 2025 651 2106 attingat
665 2021 795 2108 Olympi
803 2067 822 2100 ,-

111 2116 223 2180 Nescia
235 2120 392 2200 posteritas
402 2131 434 2178 ut
446 2139 501 2180 nos
513 2119 584 2179 hine
597 2118 671 2178 orbe
686 2117 789 2178 relicto

111 2209 147 2272 ln
161 2213 269 2274 coelum
281 2213 420 2296 migrasse
433 2224 517 2293 putet
530 2234 537 2270 :
552 2212 595 2272 sic
608 2223 690 2270 mota
699 2212 837 2292 juventus

113 2303 319 2366 Contemnunt
331 2320 447 2381 cautes,
462 2319 491 2367 et
504 2303 648 2384 quidquid
660 2316 762 2364 monte
774 2304 885 2367 reciso:

109 2397 242 2471 Delluit‚
256 2418 291 2460 ao
304 2400 424 2460 domitae
438 2399 522 2461 fictos
535 2399 572 2457 de
586 2397 699 2484 viscere
710 2409 796 2457 terrm

112 2487 326 2574 Constrioguut
338 2492 397 2574 igni
410 2492 532 2566 lateres,
545 2490 704 2571 operisque
715 2489 815 2551 futuri.

109 2581 270 2644 Materiam
283 2586 410 2665 proprio
424 2585 536 2644 malunt
549 2583 660 2643 dehere
669 2582 766 2642 labori
779 2604 789 2642 τ

109 2676 200 2739 lianc
211 2680 289 2738 inter
299 2691 422 2740 stratum
433 2680 476 2741 sic
487 2678 583 2738 nectit
592 2676 729 2754 utrinque
740 2675 900 2754 bitumen,

109 2767 155 2829 Ut
168 2771 276 2831 solidas
289 2771 429 2832 simulent
440 2768 743 2834 circumdatamoenia
754 2782 862 2831 eautes.

110 2861 185 2923 Mox
197 2866 286 2925 turris
298 2879 459 2946 properata
472 2865 567 2938 subit,
579 2883 649 2922 mox
658 2861 768 2922 vertice
780 2862 878 2926 nultes

108 2953 267 3033 Transito,
281 2977 316 3019 ac
329 2957 437 3018 fruitur
450 2957 517 3020 eoeli
532 2954 678 3037 propiore
689 2976 807 3017 sereno.

151 3045 232 3110 Tum
246 3046 335 3115 Pater
348 3051 539 3133 omnipotens
550 3048 663 3112 coelesti
672 3069 745 3113 rore
755 3061 903 3113 senatum.
