2046 3712
290 277 481 333 oreae.
761 274 824 350 435

51 389 134 430 mum
147 386 238 452 genus
248 369 298 432 bic
311 372 452 435 exstincto
465 373 581 437 semine
593 376 656 438 nob
665 378 733 443 ‘vuit
799 418 804 434 ι

51 485 93 524 ese
105 470 190 523 tuum
203 488 210 524 :
225 463 533 544 fecundaque'viscera
547 470 634 532 feeit·

51 558 108 640 gis,
121 557 212 618 efieto
224 579 289 637 quae
301 560 362 638 jam
375 562 507 621 cessabat
517 565 548 622 iu
562 583 636 624 aevo.

52 672 121 713 men
129 650 290 712 addubitas
299 653 417 726 mortali
430 666 461 714 tu
475 676 594 736 quoque
605 678 711 733 seusu,

51 763 161 828 aposse
174 743 300 807 Deum?
312 748 364 806 sed
377 750 481 809 eredes
494 773 501 808 z
516 749 567 810 itte
579 753 731 832 probabit.

51 861 93 901 :ur
105 841 209 923 diguus
219 852 302 902 tanto
312 858 459 923 sponsore
472 843 575 904 beatus

51 954 169 1014 :uusque
181 955 275 1017 puer,
288 936 453 1017 qui'primo
467 937 604 1017 protinus
616 957 680 1002 aevo

51 1031 118 1110 jor,
130 1047 225 1090 sacras
238 1029 348 1091 invicto
362 1030 394 1089 in
406 1043 528 1111 pectore
538 1031 618 1093 vires

51 1123 84 1183 ris
97 1124 178 1183 dono
191 1123 258 1205 plus
271 1142 361 1202 quam
372 1124 515 1205 genitoris
526 1124 659 1186 habebit.

51 1236 95 1276 ine
105 1228 178 1276 nato
190 1236 255 1294 quae
266 1216 365 1297 prima
376 1216 521 1279 voeabula
531 1238 645 1298 ponas,

50 1309 71 1368 ii
82 1309 212 1391 jurisque
224 1309 268 1369 tui
281 1323 326 1371 est
337 1332 350 1370 a
361 1308 445 1371 Deus
458 1311 523 1393 ipse
536 1311 673 1393 proiecto

51 1402 103 1464 esci
115 1403 212 1484 jubet,
228 1403 401 1465 buueidem
412 1405 496 1486 jubet
506 1424 568 1465 ease
580 1403 734 1466 Joannem
747 1429 754 1465 ι

51 1496 90 1556 ais
102 1497 152 1558 bie
162 1496 263 1557 titulus
275 1497 477 1574 ‚meritorum
488 1497 635 1567 immensa
648 1517 803 1582 propago,
874 1500 888 1535 ⁸

51 1612 94 1652 rec
104 1591 177 1651 dum
188 1591 401 1674 genito'potuit
410 1606 598 1673 praenoscere
610 1590 710 1668 auius,

51 1685 123 1760 abit,
135 1695 259 1746 et‘tauto
272 1685 383 1746 tribuet
395 1682 572 1767 tibigaudia
578 1696 649 1746 nato
663 1702 681 1747 a·

51 1799 96 1841 ero
107 1773 219 1839 tribuet
228 1790 344 1838 tantum
355 1778 413 1838 tibi
426 1779 547 1862 (gloria
555 1778 651 1860 parva
663 1791 708 1840 eat

51 1892 129 1933 marn
143 1871 282 1933 conclusa
296 1872 421 1932 domum
433 1875 447 1950 )
461 1874 513 1933 aed
525 1885 650 1956 quantus
662 1871 700 1934 ab
714 1883 783 1933 ortu

51 1966 135 2027 :urin
147 1985 220 2026 serae
231 1964 314 2025 finita
325 1965 499 2046 crepuscula
512 1965 603 2041 lueis,

51 2059 136 2140 prole
146 2069 309 2121 tna‘tecum
319 2054 467 2128 letabitur
479 2058 571 2120 orbis.
658 2134 661 2138 Α

51 2155 175 2214 mirum?
187 2165 292 2216 cuneta
304 2151 447 2213 vitiorum
459 2152 532 2215 iaece
546 2150 678 2227 carebit,

51 2260 108 2310 tem
121 2248 231 2328 ducens
241 2247 304 2308 sine
318 2247 385 2308 labe
399 2259 428 2308 et
442 2247 569 2310 crimine
580 2246 691 2320 vitam,

51 2362 197 2404 oservans
210 2343 353 2404 abstemia
367 2353 490 2421 pectora
501 2341 591 2414 vino,

51 2456 121 2517 aque
132 2436 247 2499 evitans
258 2436 419 2498 malesuadi
435 2434 544 2518 pocula
556 2433 636 2496 succi
650 2458 657 2495 τ

51 2550 86 2591 ue
98 2529 257 2591 bominum
269 2530 372 2613 generi
384 2529 433 2592 vel
446 2541 515 2611 post·
527 2541 624 2591 errata
637 2525 763 2588 salutem

53 2617 117 2700 eat3
131 2625 170 2685 ab
179 2616 421 2704 sancta'quisquis
433 2624 626 2687 renovabitur
638 2622 733 2696 unda,

51 2757 52 2779 i
65 2739 97 2779 ae
108 2718 238 2779 nihilum
250 2738 311 2797 quo
324 2716 499 2799 purificetur
511 2716 643 2778 babebit.

50 2811 137 2896 plura
147 2812 204 2874 tibi
216 2809 304 2874 variis
315 2812 489 2895 ambagibus
502 2812 609 2885 edam,

51 2909 174 2973 meritum
186 2911 290 2971 doetus
303 2895 418 2970 nescire
429 2905 566 2967 sacerdos

54 3015 117 3065 otes
128 3052 137 3080 ,
149 3023 244 3066 exosae
254 3003 306 3083 qui
318 3000 424 3063 mortis
433 2999 496 3081 lege
510 2997 652 3072 remissa,

51 3117 108 3160 ram
120 3098 199 3183 ‘degit
210 3096 338 3181 proprio
349 3115 419 3159 eom
430 3112 560 3176 corpore
572 3090 676 3154 vitam.
