2018 3714
10 255 99 341 hdr·
356 264 541 320 sunone.
853 263 895 325 83

10 350 81 425 Nec
92 379 162 440 quac
171 380 229 441 per
240 372 351 421 terram
363 374 516 441 protracto
527 381 654 442 corpore
668 379 798 428 manant.

11 446 121 515 Onne
132 473 241 536 genus,
257 452 322 513 luxu
335 473 427 534 gentis
441 466 501 525 est3
515 456 566 514 sed
579 457 689 517 femina
703 462 809 540 conjux

10 541 189 622 Omnibus,
204 561 233 608 et
244 568 395 625 nunquam
407 548 546 626 cuiquam
558 550 615 609 nisi
629 550 740 611 semina
753 564 860 613 mater.

10 632 107 705 Nunc
119 642 200 725 sisae
212 642 349 722 juvenilis
361 640 573 702 habet-vastare
584 644 753 723 pudorem,
808 696 811 701 .

10 725 91 796 Sunt
104 737 184 795 intus
199 747 273 794 natoe
285 735 398 816 bijuges
409 732 502 808 mihi,
515 734 625 796 nubilis
636 748 727 812 aetas,

10 819 181 914 Virginitas
191 831 223 891 in
235 829 309 889 [lore
320 843 433 903 tumet,
446 832 506 910 jam
519 831 617 889 dedita
630 831 740 905 messi,

10 912 116 1008 Digna
130 925 241 1004 cupido
253 924 340 996 vicis,
353 921 455 983 tulerit
466 943 556 1000 qnam
568 937 665 984 vestra
673 923 832 1004 ¹voluptats3

10 1011 105 1078 Cedo
119 1029 223 1098 pater,
235 1036 351 1096 proque
361 1015 529 1096 hospitibus
541 1017 672 1096 pensabo
686 1016 835 1078 dolorem.

10 1098 132 1192 Vulgus
140 1110 177 1168 ad
186 1108 248 1171 haec
257 1109 394 1169 demens:
406 1107 556 1187 Quisnam
564 1121 605 1181 tu,
617 1110 896 1186 quantummodo,

10 1199 84 1280 Qui
100 1201 190 1263 nobis
202 1201 383 1276 domineris,
398 1203 456 1284 ait,
472 1200 609 1283 legesque
620 1203 787 1263 recondas?

10 1284 211 1371 Transrena,
225 1285 378 1357 corrector
390 1292 615 1356 Sodomorum?
629 1295 763 1375 duplicat
776 1295 834 1354 iras
848 1318 857 1354 ι

10 1380 112 1449 Nunc
122 1387 212 1470 igitur
222 1399 283 1449 tute
294 1387 359 1468 ipse
370 1387 453 1462 ines,
464 1389 546 1466 qnod
560 1401 662 1448 nostra
673 1389 785 1469 cupido
798 1402 860 1464 est,

15 1474 83 1541 Pro
94 1480 194 1555 natis,
206 1501 324 1563 proque
334 1481 506 1561 hospitibus
520 1505 527 1540 :
540 1481 609 1542 satis
622 1503 696 1543 unus
706 1483 738 1543 in
752 1503 867 1544 omncs.

16 1570 112 1636 Dicta
125 1573 343 1635 etfactaoimol
357 1573 457 1655 :vulgi
471 1594 558 1634 mora
572 1575 653 1635 nulla
664 1577 799 1637 furentis.

24 1665 177 1728 Turbidus
185 1655 361 1728 hibernent
383 1668 455 1740 dum
470 1667 599 1727 volvitur
609 1669 722 1749 impete
736 1682 872 1742 torrens,

20 1760 172 1822 Rivornm
184 1780 327 1822 numeros
340 1781 401 1820 uno
413 1761 490 1841 pede
503 1761 597 1821 fertur
608 1763 639 1822 in
653 1779 776 1838 omnes,

22 1852 56 1914 Si
67 1875 127 1933 qna
139 1853 202 1915 thie
213 1853 304 1915 arbor
318 1854 429 1934 rapidis
443 1853 607 1914 offenditur
619 1855 728 1929 undis,

22 1946 115 2008 Haud
124 1965 264 2009 mansura
276 1947 346 2020 din,
360 1958 503 2026 qnantum
518 1948 617 2007 radice
628 1947 733 2008 iicebit

23 2037 109 2102 Crini
114 2053 157 2099 tas
170 2040 276 2103 durare
289 2058 410 2113 tuorna,
423 2039 475 2100 ubi
488 2039 589 2099 subter
602 2042 720 2098 adesam

23 2129 128 2194 Perdit
138 2130 473 2193 humnmcircumsossu
485 2152 554 2193 cnm
568 2131 688 2193 caudice
702 2131 855 2211 pendens,

26 2223 93 2287 Huc
101 2224 178 2285 ‚illuc
190 2236 302 2287 certant
314 2223 415 2285 differt
426 2224 538 2285 incerta
552 2223 669 2284 ruinam
683 2247 690 2282 ι

25 2316 115 2379 Hand
128 2317 216 2378 aliter
230 2314 309 2377 loth
321 2317 352 2376 in
366 2317 465 2378 media
474 2318 618 2400 vertigine
632 2316 710 2399 vulgi

24 2410 158 2476 Natabat
170 2409 358 2495 vincisprope
368 2410 452 2491 jam:
466 2411 517 2470 sed
529 2411 597 2470 diva
610 2422 739 2491 potestas

24 2502 171 2567 Subvenit
182 2526 189 2560 :
201 2503 456 2586 angelicijurenee
465 2504 502 2561 dc
515 2501 620 2564 limine
636 2515 755 2582 raptum

24 2595 195 2660 Restituunt
206 2597 292 2659 tectis
305 2619 312 2654 ε
326 2598 450 2656 demens
460 2596 512 2656 sed
524 2595 626 2677 vulgos
638 2595 754 2656 ibidem

26 2687 188 2751 Poenanun
200 2688 340 2769 atropiciis
353 2688 495 2751 multatur
507 2687 619 2749 lumine
633 2687 709 2747 diro.

59 2784 153 2844 'Pnnc
167 2783 285 2843 decreta
296 2780 357 2840 Dei
371 2794 517 2856 reserant,
529 2782 649 2863 dignam
662 2778 728 2837 fore
739 2794 860 2856 poenam
872 2859 874 2865 Ι

27 2874 70 2951 De
82 2877 164 2940 coelo
179 2871 322 2934 Sodomis
336 2899 342 2932 :
357 2875 456 2955 ipsum
466 2874 609 2934 meruisse
621 2869 748 2930 salutem

27 2967 155 3029 Justitiae
169 2959 265 3026 titulo.
280 2965 366 3045 Quin
377 2987 447 3048 ergo
459 2963 620 3045 accingeris
630 2959 737 3021 isthinc

28 3057 182 3122 festinare
192 3059 314 3142 sugam,
329 3060 497 3139 pariterque
509 3058 634 3119 educere
647 3053 674 3115 si
688 3052 760 3132 quid
832 3101 835 3108 .
863 3096 869 3107 ,
