2046 3712
57 278 170 402 surr.
317 337 717 392 oruscunnuz-
842 326 945 411 *475-

429 445 441 465 ι

249 500 515 543 memmerunt
540 504 742 545 SERPEMI·

100 611 188 677 'l'une
200 627 286 696 pater
299 615 492 695 omnipotens
504 612 582 676 solio
594 614 637 676 sic
647 614 716 684 infit
727 615 764 676 ab
777 614 864 685 alte:-

57 706 196 788 Accipite
209 727 297 791 ergo,
313 707 423 769 animis
435 720 523 788 atque
534 707 679 770 haecmea
691 708 770 792 figite
783 710 861 772 (licta
872 733 889 768 ι»

57 797 165 880 Tuque
178 801 281 882 prior,
296 799 408 862 scelere
421 814 489 862 aute
503 800 578 862 alios
589 801 753 863 immanior
766 822 889 879 omues,
929 822 934 826 ”

57 893 231 974 Quemnec
244 894 332 977 leuga
345 895 428 972 dies,
441 895 536 977 pietas
548 917 605 958 nec
619 897 735 979 mitigat
746 895 824 971 ulla,

57 985 206 1048 Hortator
215 987 364 1051 scelerum
372 989 518 1066 celtiber,
530 985 609 1053 mala
618 992 756 1074 gramina
763 1009 870 1072 ⁴pestes

57 1078 198 1156 Desidia,
211 1081 360 1163 latamque
370 1082 490 1147 trahens
499 1084 647 1168 inglorius
660 1083 771 1148 alvum.

57 1171 142 1236 Cede
155 1175 247 1251 locis,
261 1177 350 1238 nullis
361 1175 521 1256 hominum
535 1178 709 1261 cogentibus
718 1220 727 1254 ,
736 1179 810 1258 ‘ipse

57 1263 171 1329 Tenuis
180 1269 403 1353 ubiargilla,et
411 1271 546 1333 deruosis
557 1270 687 1339 calculus
700 1271 791 1340 areis,
835 1269 837 1274 ’

288 1431 561 1475 metenlcntttt
595 1434 710 1474 ADAM.

82 1626 84 1630 7
100 1542 141 1611 At
154 1543 215 1604 tibi
222 1536 279 1625 ¹pro
293 1544 422 1621 scelere,
436 1545 579 1607 exclamat
590 1589 600 1621 ,
613 1566 670 1627 pro
684 1544 792 1606 talibus
805 1545 898 1620 ausis,
911 1584 914 1588 -

61 1635 276 1701 Omueaevum
289 1640 370 1701 ferro
382 1643 504 1718 teritur,
518 1640 696 1725 primusque
705 1659 762 1723 per
773 1652 867 1699 artem
880 1680 889 1714 ,

58 1729 131 1791 Heu
143 1730 310 1792 miserande
320 1733 413 1813 puer!
427 1746 540 1795 terram
549 1734 733 1803 insectabere
746 1733 867 1808 rastris,

57 1821 98 1882 Et
111 1824 210 1884 souitu
222 1825 349 1886 terrebis
359 1846 428 1887 aves
439 1846 446 1887 t
459 1827 597 1888 horrebit
610 1827 643 1893 in
654 1826 733 1888 arvis

60 1915 216 1993 Carduus,
229 1931 258 1978 et
271 1919 365 2000 spinis
376 1932 474 2002 surget
482 1920 616 2000 paliurus
628 1920 740 1994 acutis,

59 2007 255 2093 Lappaeque,
270 2012 449 2092 tribulique,
465 2026 494 2074 et
505 2012 592 2074 fallax
603 2012 695 2072 herba
712 2011 830 2072 veneni.

58 2102 102 2162 At
114 2104 141 2162 si
153 2103 300 2165 triticeam
313 2105 344 2166 in
355 2127 502 2180 messem,
518 2105 695 2183 robustaque
708 2104 789 2164 serra

60 2194 225 2257 Exercebis
237 2198 381 2274 humum,
396 2199 504 2259 frustra
516 2196 697 2279 exspectabis
711 2215 865 2272 acervum,

59 2286 273 2370 Concussaque
285 2291 398 2353 famem
410 2291 441 2351 in
454 2290 535 2352 siivis
548 2290 684 2351 solabere
697 2310 818 2369 quercu.

57 2379 190 2461 Insuper
202 2382 248 2443 his
264 2383 390 2444 subeunt
401 2383 518 2457 morbi,
533 2377 681 2462 tristisque
694 2374 845 2459 senectus,

58 2471 101 2536 Et
115 2473 222 2552 labor,
237 2488 267 2536 et
278 2475 350 2537 dirce
364 2475 441 2556 repit
454 2474 646 2536 in‘ciementia
657 2475 772 2536 mortis.

189 2630 194 2637 '
291 2638 567 2678 metuerentur
609 2640 721 2680 evum.

109 2751 185 2813 Haec
197 2751 253 2815 tibi
266 2772 387 2833 semper
399 2764 504 2828 erunt,
517 2764 608 2831 tuque
622 2771 640 2811 e
654 2749 812 2811 saevissime
823 2752 950 2833 conjunx

60 2843 138 2907 Non
153 2845 253 2928 ignara
266 2845 354 2920 mali,
369 2857 457 2925 caput
466 2845 576 2903 horum
589 2856 619 2904 et
630 2863 716 2906 causa
727 2842 896 2921 malorum,

63 2938 176 3022 Magna
189 2938 251 3000 lues
264 2937 425 3001 commissa
438 2937 492 2996 tibi
503 2980 512 3011 ,
525 2937 584 2998 beu
595 2938 714 3018 perdita
725 2937 837 3012 nescis,

66 3029 138 3093 Nec
150 3055 215 3114 quae
227 3033 418 3095 circumstant
430 3043 459 3090 te
472 3030 579 3090 deiude
593 3030 723 3112 pericula
738 3029 846 3092 cernis.

65 3123 161 3193 Nunc
174 3146 311 3206 morere,
325 3139 357 3189 ut
368 3125 475 3190 merita
486 3144 535 3204 es,
551 3125 632 3206 quod
646 3137 710 3187 tota
722 3136 822 3188 mente
836 3124 947 3206 petisti.
