2018 3714
53 274 84 316 v.
99 255 175 341 376.
259 271 503 327 uvmcuucm
519 274 607 328 ursr.
625 274 689 330 cru.
708 281 756 333 rr.
882 260 936 342 2⁶7

58 360 206 442 Quattuor
219 385 259 427 en
270 365 369 443 luces,
382 368 567 448 totidemque
581 392 614 430 ex
628 369 733 429 ordine
745 380 846 428 noctes

59 454 266 535 Praetereunt,
280 481 341 538 quo
353 461 490 521 membre
502 462 567 522 solo
582 473 736 542 composta
749 462 910 539 quiescunt.

62 548 276 628 Crediderim,
289 573 413 632 corpus,
426 568 511 614 motu
523 554 652 637 fugiente
666 554 773 615 caloris
789 598 799 628 ,

59 639 207 706 Fetorem
219 645 365 705 miserum
377 645 541 724 liquefactis
554 648 678 707 reddere
690 646 843 706 membris.

61 730 120 799 llis
133 738 223 801 dictis
234 749 338 799 eontra
350 738 502 817 depromit
515 738 585 798 talia
598 738 735 800 Christus
748 763 754 796 :

59 827 134 891 Jam
148 831 238 892 toties
250 830 362 892 dictum
374 842 434 906 est,
448 832 562 913 mugnis
576 833 735 894 consistere
749 832 838 892 rebus

59 920 254 987 Credeutum
264 923 371 985 virtute
384 923 475 984 fidem
490 948 497 984 :
511 927 563 985 sed
576 925 670 1007 gloria
683 927 795 986 summi

55 1014 136 1078 dam
147 1015 294 1099 genitoris
304 1016 408 1091 adest,
420 1016 491 1077 fidei
503 1017 528 1078 si
541 1017 634 1077 robur
645 1018 769 1078 habetis.

55 1108 144 1172 Heec
155 1109 209 1171 ubi
219 1108 298 1171 dieta
310 1109 412 1184 dedit,
430 1130 590 1189 saxumque
603 1112 736 1170 immane
749 1108 872 1170 revulsis

59 1200 230 1284 Objieibos
242 1203 354 1284 patuit,
370 1204 462 1263 virtus
474 1202 544 1263 mos
556 1204 675 1265 conscia
688 1202 797 1264 coelum

58 1292 215 1376 Suspicit,
229 1307 259 1356 et
271 1294 323 1354 tali
333 1296 500 1377 genitorem
513 1316 585 1358 voce
600 1308 737 1375 precatur
750 1320 757 1354 :

56 1385 199 1449 Eximius
208 1399 305 1471 grates
315 1388 432 1470 genitor
444 1388 515 1465 tibi,
529 1401 647 1465 sancte,
663 1389 800 1449 latemur.

56 1478 117 1542 Me
130 1479 268 1562 placidus
280 1500 400 1562 semper
413 1481 587 1543 venerandis
600 1482 719 1542 auribus
732 1483 824 1543 audis.
883 1518 887 1529 ι

59 1571 126 1634 Sed
138 1572 268 1654 populus
280 1592 410 1654 praesens
424 1593 474 1633 me
487 1575 610 1634 missum
624 1575 745 1635 credere
760 1575 861 1635 discat.

64 1664 147 1727 Haee
157 1666 208 1727 ubi
221 1665 298 1726 dicta
310 1665 410 1740 dedit,
424 1666 530 1726 tumuli
544 1688 613 1726 mox
626 1666 731 1727 limine
747 1667 777 1726 in
791 1668 858 1749 ipso

63 1753 208 1835 Restitit,
220 1759 345 1819 adverso
358 1757 514 1839 complens
526 1779 597 1821 cave
609 1779 675 1820 sexa
689 1779 798 1821 canore
812 1784 819 1820 ε

60 1852 195 1926 Lauare,
206 1850 312 1932 sopitis
325 1852 500 1911 redeuntem
513 1851 628 1933 suscipe
640 1852 785 1913 memhris

58 1942 114 2005 En
126 1943 280 2019 unimam,
293 1954 381 2021 tuque
395 1943 459 2024 ipse
470 1942 549 2003 foras
561 1955 590 2004 tc
604 1963 712 2024 prome
726 1943 873 2024 sepulcro.

61 2038 136 2100 Nec
148 2057 253 2112 mora,
267 2038 407 2098 connexis
419 2038 573 2112 manibus,
585 2038 770 2118 pedibusque
786 2050 908 2118 repente

64 2129 210 2193 Procedit
221 2127 354 2206 tumulo,
367 2130 482 2190 vultum
496 2130 544 2190 cui
555 2129 631 2190 linea
645 2142 736 2204 texta,

66 2219 110 2281 Et
122 2233 216 2283 totum
228 2220 345 2303 gracilis
358 2221 508 2283 connectit
520 2220 609 2281 fascia
622 2242 740 2300 corpus.

65 2312 149 2374 'l'um
161 2312 237 2374 solvi
248 2313 346 2395 jussit,
359 2313 519 2393 laetumque
533 2315 570 2374 ud
580 2326 656 2376 tecta
669 2312 803 2374 remittit.

62 2406 167 2467 Judeei
178 2419 337 2488 postquam
349 2407 461 2468 sactum
475 2407 643 2471 venerabile
656 2420 799 2480 cernunt,

64 2499 132 2577 Qui
144 2498 219 2559 tanti
230 2499 347 2560 fuerant
360 2497 507 2576 Mariam,
522 2498 733 2583 lllarthamque
746 2501 854 2573 secuti,

63 2590 140 2654 Pars
151 2594 276 2654 eredens
287 2592 420 2673 sequitur
431 2606 537 2656 sanctae
548 2594 662 2655 virtutis
672 2596 821 2656 honorem
836 2618 842 2651 :

61 2686 120 2747 Ast
130 2684 183 2745 alii
195 2698 335 2767 repetunt
347 2687 470 2762 urbem,
483 2707 702 2767 procerumque
716 2687 852 2767 superbis

64 2776 185 2843 Cuncta
196 2774 355 2841 Pharisaeis
368 2800 469 2840 rerum
481 2780 625 2842 miracula
638 2790 769 2840 narrant.

103 2870 187 2957 Ergo
200 2873 238 2931 ad
247 2872 410 2934 concilium
424 2870 554 2949 Scribae,
570 2873 723 2953 plebisque
737 2881 859 2931 vocatur

65 2965 139 3026 dam
151 2964 271 3048 gravior
284 2985 444 3039 numerus,
458 2985 516 3045 qua
528 2977 629 3026 vatum
642 2962 786 3045 principis
798 2962 855 3025 alte

68 3057 197 3129 Pulchra
213 3055 365 3145 Caiphteee
377 3058 526 3125 collucent
539 3057 613 3124 utria
624 3057 709 3122 sedis.
