2018 3714
10 301 131 385 *mlty
245 313 701 368 ιιιᾚιιιειιιιιιιιιιι
854 300 914 362 363

10 388 96 469 Hic
110 404 235 486 primus
240 418 364 487 pereat:
377 420 501 487 pereant
513 409 556 469 sic
570 407 675 467 ordine
688 405 806 483 cuncti,

10 493 203 569 Cratibus
194 500 352 606 inpositos
363 501 500 582 subjectis
514 520 599 562 urere
612 499 741 561 flammis

10 587 152 654 Cernat
166 605 198 652 ut
209 590 274 672 ipsa
288 613 375 667 suos,
390 593 432 655 sic
446 606 546 655 cernat
559 605 590 653 ut
603 612 706 673 aspera
715 604 802 654 natos

10 669 133 745 l’oena
144 696 196 743 aut
208 704 298 762 quern
311 698 447 761 maneat,
462 685 572 748 celeres
582 687 667 746 tlec'et
678 706 741 746 esse
752 686 913 767 ministros.

76 776 201 839 Interea
214 777 341 839 fecunda
353 798 479 860 parens,
494 781 565 862 jam
568 780 650 841 crine
662 779 780 857 soluto,

12 870 138 935 Astitit
149 871 279 939 hortanti
291 871 439 947 similis,
429 892 488 954 Jam
503 886 624 954 pectore
636 874 716 934 undo

18 962 144 1025 Ubera
155 966 357 1044 protendens,
371 977 510 1042 naturum
524 965 818 1043 numentanorum,

23 1057 109 1138 Nou
123 1056 246 1119 confusa
260 1059 340 1118 stetit
353 1102 364 1134 ,
377 1071 538 1138 natumque
548 1073 582 1120 ut
591 1060 664 1122 vidit
673 1061 711 1122 cti
722 1060 803 1141 ignes

25 1150 226 1213 inconstante
238 1153 331 1236 gradu
341 1152 483 1230 timidum
495 1154 679 1233 procedere,
694 1153 763 1212 dixit
776 1176 783 1212 ε
866 1154 869 1161 ’

29 1240 84 1305 Τιι
95 1264 165 1313 mea
178 1246 354 1328 progenies,
369 1257 400 1306 tu
413 1246 529 1326 primus
539 1247 656 1327 'respice
669 1259 814 1322 matrem,
936 1317 939 1329 ἱ

27 1334 177 1401 Tu'nunc
190 1350 269 1400 certe
283 1360 386 1413 mens,
401 1340 505 1400 matris
518 1352 550 1400 tu
562 1353 630 1401 nate
642 1353 813 1415 memento,
876 1394 879 1403 ι

26 1428 83 1493 'l'e
95 1431 232 1513 primurn
242 1432 368 1515 peperi,
383 1445 415 1494 tu
427 1454 507 1496 nunc
519 1433 637 1495 imitare
650 1446 825 1515 parentem,

28 1520 132 1585 Sume
144 1544 229 1586 meos
241 1546 360 1600 mures,
375 1538 405 1586 et
417 1548 518 1611 regern
530 1529 616 1591 vince
628 1529 771 1601 tacend03

25 1614 115 1678 Tum
125 1614 253 1703 poterin
246 1619 361 1680 durare
379 1610 448 1697 diu,
463 1623 506 1685 sic
521 1635 661 1704 tempora
673 1623 774 1684 vinces

30 1706 171 1788 Perfida,
185 1730 224 1774 ne
237 1728 358 1797 sup'eret
375 1729 492 1778 sanctos
502 1716 643 1778 violentia
653 1717 738 1800 regis.

27 1800 129 1865 Utere
140 1807 289 1883 consilio,
303 1813 380 1895 regis
391 1832 430 1871 ne
443 1812 551 1872 damna
565 1811 688 1885 timete,

28 1894 159 1959 Fortior
173 1913 217 1968 est
229 1900 303 1977 istu,
316 1925 443 1985 saxoque
456 1903 609 2008 ροῑειιῑὶιιι
622 1902 708 1985 ipsu..

28 1988 194 2083 Ingredere
205 2007 237 2055 ut
248 1997 383 2085 juvenis,
403 1997 570 2078 patienter
562 1993 648 2055 vince
662 1994 839 2054 dolorem.

31 2078 91 2148 ltte
104 2088 197 2153 modo
208 2089 246 2149 ad
254 2104 388 2153 matrem
402 2091 514 2165 vuitus,
528 2089 621 2148 modo
635 2087 735 2148 tollit
727 2109 759 2148 ιιι
772 2088 875 2149 altu'm.
967 2102 969 2107 ’

35 2176 181 2262 Dumque
192 2195 279 2245 tacet
275 2187 463 2266 ‚tacitusque
474 2196 558 2268 rogat
570 2202 659 2261 quem
675 2182 779 2258 debet,
795 2194 824 2244 et
837 2196 913 2258 orat,

36 2270 109 2337 Non
120 2274 212 2337 sensit
223 2278 345 2359 rapidos
356 2279 505 2360 subjectos
520 2277 648 2339 cratibus
661 2276 760 2358 ignes,

36 2365 158 2450 Corpus
168 2369 258 2432 inane
272 2371 347 2448 suit,
361 2384 458 2433 mater
471 2370 567 2454 gavisa
581 2369 687 2431 dolore
701 2381 759 2445 est,

32 2458 76 2522 Et
86 2461 159 2523 dixit
170 2486 177 2522 ι
190 2461 280 2541 Vici,
292 2464 410 2527 vincam
423 2464 447 2524 si
460 2463 565 2545 saepius
577 2483 683 2538 orem,
760 2523 769 2543 ,

32 2552 136 2616 Duret
148 2552 287 2619 natorum
300 2558 393 2619 virtus
407 2557 555 2640 incognita
569 2546 647 2640 regi,

36 2643 98 2709 Set
107 2650 170 2730 jam
182 2663 252 2711 nota
266 2649 337 2712 Deo
350 2651 457 2733 populi
471 2652 521 2731 qui
535 2663 657 2732 pectora
668 2649 762 2709 novit.

75 2738 212 2802 Finierat
221 2743 314 2824 primi
327 2757 428 2825 partus
442 2744 566 2806 fecunda
580 2743 737 2816 dolorem,
908 2823 911 2829 Ι

35 2832 286 2896 ὃεᾶιειιιιιιιιιῑε
299 2851 401 2914 metu,
416 2858 472 2919 pro
484 2837 620 2918 pluribus
634 2833 717 2894 anxia
731 2844 847 2893 mater:

31 2925 272 3009 Diuimutatque
283 2943 403 3006 tumen,
417 2952 455 2992 ne
470 2949 569 3010 regern
581 2927 686 3011 gaudia
698 2939 828 3010 tangant.

33 3017 102 3081 Rex
112 3033 212 3101 stupet
224 3021 408 3097 Antiochus,
423 3043 480 3085 nec
492 3022 587 3084 credit
600 3039 687 3104 posse
699 3034 855 3100 sequentes

27 3109 139 3178 'Poenae
151 3113 209 3177 tale
222 3124 313 3200 genus
326 3117 439 3179 similet
451 3114 626 3200 pervincere
639 3125 738 3187 natos;
