2018 3714
31 308 142 386 ests.
186 320 429 381 nvrucsnrcn
445 322 535 381 nrsr.
552 322 617 379 uro.
632 326 678 381 m.
850 320 911 405 ²49

32 411 70 476 Et
82 436 196 498 pueros
207 416 513 501 templicomplentcs
523 432 601 482 tecta
613 439 739 498 canore,

31 508 176 572 Hosannn
186 511 305 594 egregia
316 511 445 576 Doridis
457 515 550 597 stirpe
564 529 674 577 creato.

30 599 134 686 ipsum
147 617 343 685 percunctant
354 608 471 683 cuncti,
493 629 560 688 qnae
569 628 655 671 causa
666 608 784 671 canoris

29 693 194 779 impubem
205 709 286 759 tanta
297 698 384 759 tollat
396 703 566 785 purgandis
577 702 709 782 plebem.

30 788 219 854 Christus-ad
229 790 309 870 biec,
321 790 414 875 legis,
429 794 543 875 inquit,
557 815 610 856 vos
621 797 732 877 scriptu
744 808 847 858 tenere

26 882 184 960 Creditis,
196 882 344 945 infantum
356 907 422 965 qun
432 887 505 949 dicit
514 888 553 948 ab
565 908 619 949 ore
631 888 754 963 venire,

22 973 208 1039 Lactentum
219 988 251 1039 et
260 976 368 1061 linguis
379 979 448 1060 justi
461 1000 638 1063 consurgere
654 980 784 1042 laudem.

69 1070 149 1133 Haec
160 1069 222 1149 tit,
244 1072 390 1156 ingratam
402 1071 540 1153 linquens
547 1094 617 1135 cum
628 1074 743 1136 civibus
751 1074 877 1147 orbern,

21 1163 269 1245 Bethaniumqne
279 1165 372 1247 petit,
386 1166 583 1245 rediensque,
595 1167 627 1227 in
638 1167 774 1250 margine
783 1168 880 1230 cernit

24 1255 155 1335 Stratie,
165 1258 338 1325 tendentem
348 1258 455 1319 diffuse
467 1258 659 1336 umbraculo,
672 1259 774 1323 ficum.

21 1350 97 1416 lllie
107 1350 186 1413 forte
197 1350 259 1415 cibi
266 1364 442 1434 pertentans
452 1353 545 1415 cordu
556 1352 710 1430 voluntas,

19 1443 156 1507 Arboris
168 1455 305 1508 attrectet
316 1464 416 1507 ramos
429 1470 439 1507 r
451 1447 504 1507 sed
515 1445 597 1507 nulls
608 1432 732 1509 facultas

20 1537 198 1601 Pomorum
209 1537 319 1601 sterilis
330 1534 445 1601 noum
457 1551 648 1602 concreverat
660 1540 789 1601 umbras¹

25 1629 97 1692 Olli
110 1628 246 1693 Christus
258 1630 320 1693 uit:
333 1630 408 1693 Non
424 1633 464 1695 sit
478 1632 535 1695 tibi
547 1632 690 1696 fructibus
701 1648 834 1712 unquam

25 1721 133 1806 Copia
142 1724 327 1807 promendis.
340 1722 422 1787 Tum
433 1725 570 1807 protinus
582 1727 658 1790 srvit
670 1726 768 1788 arbos.

21 1816 177 1899 Discipuli
188 1817 321 1881 celerem
332 1819 480 1882 mirantur
490 1821 524 1882 in
536 1821 644 1882 arbore
651 1830 798 1882 'mortem

22 1910 86 1974 Sed
102 1908 240 1975 Christus
252 1900 379 1993 stupidis
388 1914 524 1975 assistens
537 1914 606 1974 taiiu
616 1912 694 1974 intur
708 1938 716 1974 :

20 2005 117 2067 Nunc
130 2004 205 2088 ligni
218 2005 301 2065 istius
312 2019 414 2067 nostro
426 2006 578 2087 stupuistis
589 2006 707 2067 bonore

22 2097 148 2160 Desisse
161 2100 201 2160 ud
211 2099 290 2161 vires
300 2110 435 2161 terrenus
447 2101 555 2163 dooere
567 2118 680 2162 succos.

26 2189 91 2253 Sed
103 2193 181 2255 reris
192 2193 292 2255 verbis
303 2194 472 2273 iterumque
485 2193 653 2273 iterumque
666 2192 817 2253 monebo:

24 2284 58 2347 N
59 2305 169 2367 nmque
179 2285 254 2348 tides
264 2287 291 2347 si
301 2298 385 2349 certa·
394 2286 488 2347 animi
501 2287 641 2349 consistet
648 2285 680 2345 in
693 2303 777 2361 arce,

21 2376 93 2443 Nec
107 2379 208 2443 dubiis
219 2392 327 2442 nutans
336 2380 414 2444 vitiis
427 2380 623 2444 tremebunda
631 2378 757 2462 jacebit,

22 2472 152 2535 Arboris
163 2473 248 2536 istius
258 2473 346 2538 robis
355 2474 517 2537 substantia
528 2476 623 2537 cedet.
784 2546 789 2558 ι

22 2563 94 2628 Nec
106 2560 224 2629 tautum
236 2568 338 2644 istius,
358 2569 411 2629 sed
423 2568 533 2631 montis
543 2568 621 2632 cebo
633 2566 737 2630 reveiii

24 2657 212 2723 Credentnm
223 2660 317 2722 verbo
332 2673 487 2742 poterunt,
507 2663 652 2742 undisque
666 2659 809 2742 profundi

22 2750 107 2815 Cum
119 2754 201 2816 silvis
215 2756 328 2834 paritor
336 2778 351 2829 ,’
363 2755 512 2834 saxisque,
525 2755 653 2835 ferisque
666 2752 800 2814 recondi.

19 2846 62 2908 Et
76 2868 263 2928 quaecunque
276 2848 349 2923 fides
361 2848 483 2910 robusto
494 2860 617 2929 pectore
627 2855 731 2927 poscet

24 2936 230 3017 Credentnm,
246 2960 366 3022 semper
378 2940 466 3024 digna
478 2940 585 3000 virtute
596 2935 720 2997 tenebit.

68 3030 143 3097 Haec
155 3034 209 3095 ubi
221 3034 300 3095 dicta
312 3035 410 3110 dedit,
423 3031 531 3113 templi
544 3051 575 3091 se
589 3028 737 3091 moenibus
749 3028 847 3091 infert.

25 3123 196 3199 Confestim
208 3146 348 3210 proceres
360 3125 483 3213 populi,
500 3121 645 3189 miracula
656 3142 774 3201 rerum,
