2046 3712
115 282 298 335 COMMENT.
316 280 354 334 IN
372 282 526 336 GENESIN
544 282 607 335 ΠΒ.
624 285 656 336 11.
764 290 818 331 ιιι

57 398 72 447 ,;
85 387 117 435 et
127 373 252 435 tribulus
263 394 320 454 pru
332 374 474 449 fructibus
487 397 494 435 ι
509 394 579 456 ergo
592 375 716 437 serenda
730 388 773 437 est

57 481 88 528 iat
100 488 168 527 mea
179 479 248 527 rota
258 486 356 549 aegea,
370 469 491 545 quaesita
504 467 616 537 labore,

57 582 81 622 re
93 563 132 621 da
143 578 209 639 quae
221 560 281 619 aiut
292 573 420 642 segetes,
432 581 491 640 quo
505 580 591 621 more
605 562 754 635 serenda,

57 654 124 716 ferae
134 674 200 732 quae
210 654 269 713 sint
279 653 398 727 herbae,
413 642 477 731 quae
490 650 721 736 surma'laburis.

57 761 100 808 ter
112 745 255 806 amilium
267 746 426 820 miserans,
440 746 543 824 hisque
556 746 658 806 imbue
673 766 792 809 sensus:

56 841 104 901 erit
115 852 148 899 ut
162 858 263 899 rerum
274 858 417 919 compos,
431 852 459 899 et
469 844 548 900 certa
562 839 662 899 salutis

57 957 61 993 ;
76 932 145 993 Era
157 932 249 1007 mihi,
263 952 432 1009 saevumque
445 923 564 1011 experta
579 931 710 1012 parentis

57 1026 162 1101 cium,
177 1025 273 1104 pariat
284 1023 413 1105 populos
422 1036 453 1083 ut
466 1024 702 1085 criminenostro

57 1132 141 1192 atur,
155 1130 317 1199 purgetque
331 1130 449 1197 patrum
462 1110 599 1196 peecata,
613 1129 757 1197 nepotum

57 1232 102 1271 tua
114 1223 260 1270 aeternam
272 1210 381 1271 iaciens
389 1209 533 1270 successio
546 1229 676 1289 poenam.

57 1324 108 1364 rea
117 1303 192 1361 dum
204 1302 247 1363 sic
260 1314 361 1374 orant,
375 1301 520 1381 serpentis
533 1290 633 1383 imago
723 1338 726 1343 -

58 1397 130 1456 visa
142 1407 222 1454 metu
236 1394 325 1458 tacito
339 1414 370 1455 se
384 1394 502 1453 tramite
511 1392 589 1453 ferre

57 1511 91 1564 r,
107 1488 149 1546 ad
163 1486 266 1547 molles
276 1487 365 1567 spiris
378 1486 564 1567 reptantibus
575 1486 681 1547 herbas
694 1530 704 1561 ,

57 1580 198 1643 unvertit
210 1580 358 1660 trepidos,
371 1580 486 1657 dirique
500 1578 613 1641 doloris

57 1696 79 1736 o
96 1673 185 1733 senio
197 1685 332 1754 cognatas
345 1672 429 1731 traxit
442 1674 473 1731 in
487 1671 553 1731 iras.

57 1790 93 1829 ar
105 1765 176 1827 Eva
186 1765 249 1825 viro
264 1788 271 1824 ε
287 1759 320 1823 si
334 1778 362 1824 te
375 1784 514 1844 suprema
525 1764 674 1824 malorum

57 1871 189 1932 movet,
203 1878 273 1939 rape
285 1877 351 1917 saxa
362 1877 469 1930 mauu,
485 1858 570 1916 dat'nr
583 1878 651 1918 ecee
665 1857 783 1918 facultas

57 1975 120 2015 'em
133 1950 207 2010 lethi
220 1950 299 2010 iethu
313 1952 383 2011 dare
397 1973 404 2009 :
419 1949 539 2010 callidus
551 1950 601 2009 ille

57 2045 121 2109 ciis
132 2045 238 2103 doceat
250 2043 399 2122 propriis,
414 2055 443 2102 et
455 2055 550 2101 morte
563 2054 684 2103 cruenta
697 2085 705 2113 ‚

62 2140 109 2199 sit
123 2135 209 2194 triste
221 2133 317 2208 mori,
330 2134 380 2212 qui
394 2155 442 2193 me
455 2133 532 2193 male
547 2134 674 2213 perdidit
689 2147 716 2194 et
730 2147 767 2193 te.

63 2243 98 2291 et
113 2228 250 2306 elapsum
264 2247 348 2287 eursu
361 2227 511 2305 petrisque
524 2239 621 2286 secuta
634 2239 677 2286 est

57 2325 126 2384 ibus
140 2343 148 2378 ι
164 2320 234 2397 quin
248 2332 276 2379 et
289 2319 376 2378 duras
387 2340 442 2399 per
453 2319 561 2379 robora
576 2331 688 2393 cautes,

57 2439 68 2477 a
85 2414 235 2493 reptando
249 2412 394 2472 condebat
403 2411 525 2472 callidus
536 2411 655 2492 anguis,

71 2504 260 2589 projiciunt:
275 2523 399 2582 quarum
409 2503 503 2585 rigido
518 2524 574 2563 una
588 2502 697 2564 lacerto

57 2602 123 2658 ium
136 2615 206 2656 casu
220 2593 334 2656 silicem
345 2595 465 2659 diruissa
478 2595 611 2669 resultat,

57 2692 192 2766 iiamque
206 2687 262 2746 ciet
277 2710 283 2745 :
297 2687 377 2749 sicco
390 2710 454 2766 quae
466 2689 594 2749 eiumite
607 2702 675 2749 nata

57 2786 81 2842 in
95 2780 272 2853 flammam,
285 2791 314 2840 et
326 2780 431 2841 crinita
441 2782 576 2842 incendia
588 2779 645 2840 late

57 2878 130 2941 dens
142 2887 205 2933 tuta
218 2876 278 2954 jam
291 2873 365 2934 silva
378 2875 499 2935 ardebat
511 2876 625 2954 adepta.

57 2979 177 3040 urrent,
193 2965 375 3046 latebrasque
383 2969 474 3050 gradu
486 2968 652 3047 trepidante
663 2961 833 3041 requiruntt

57 3062 164 3141 tavidus
177 3072 280 3141 stupor
290 3061 355 3144 ipse
368 3073 466 3138 tenet,
481 3080 638 3138 curamque
650 3075 783 3138 sagacem

663 3173 675 3209 1
685 3172 696 3208 r
