2018 3714
9 317 40 357 u.
56 293 138 359 316.
234 307 475 363 uvanormcru
494 311 576 364 utsr.
595 312 658 365 un
675 314 720 367 tv.
846 302 906 365 265

9 400 184 464 Perculsus
195 402 314 462 verbis:
328 400 359 462 N
361 423 401 462 on
415 416 477 479 est,
496 405 522 464 si
537 406 671 482 creditis,
686 405 798 487 inquit,

12 496 66 556 Ad
80 497 196 557 lethum
209 496 321 556 ducens
330 495 429 558 isthaec
441 496 584 557 violentia
598 499 716 558 morbi:

15 588 83 651 Sed
96 588 184 650 Deus
195 601 228 650 ut
239 589 330 671 digno
343 589 426 670 justis
435 590 604 651 celebretur
615 591 731 652 honore
746 640 755 668 ,

16 680 61 744 Et
71 682 194 745 soboles
205 682 339 743 hominis
349 695 449 744 sancta
462 685 569 743 virtute
583 685 714 746 nitescat.

16 775 113 838 ‘l'uuc
124 776 162 837 ad
174 774 354 856 discipulos,
369 773 495 837 Dormit
505 779 567 858 jam
582 773 726 854 Lazarus,
740 779 851 860 inquit,

20 866 84 930 Sed
93 888 196 932 carum
206 868 346 950 juvenem
359 868 467 930 laciam
479 888 657 953 consurgere
669 893 779 933 rursus.

19 961 115 1024 Aiunt
129 960 290 1043 discipuli:
307 958 425 1022 Somno
438 965 595 1025 succedere
607 964 715 1044 plena,

21 1052 64 1116 Et
73 1073 211 1117 remeare
222 1054 300 1115 salus
312 1056 442 1135 poterit;
462 1076 520 1116 nec
530 1070 631 1116 mente
644 1071 822 1136 sequuntur,

26 1147 120 1226 Quod
129 1160 262 1208 mortem
274 1148 374 1207 somni
389 1148 461 1207 dixit
475 1148 530 1208 sub
541 1149 665 1210 nomine
682 1147 826 1211 Christus.

23 1237 171 1302 Errorem
183 1260 314 1320 quorum
327 1240 380 1300 tali
392 1261 531 1300 sermone
545 1242 688 1301 removit:

24 1328 152 1395 Lazarus
163 1333 197 1393 in
209 1332 325 1393 lethum
336 1332 462 1407 cecidit,
479 1334 531 1392 sed
545 1335 650 1415 gaudia
663 1335 756 1395 menti

23 1424 106 1489 llinc
114 1426 259 1500 veniunt,
271 1437 460 1505 vestramque
468 1426 558 1485 fidem
571 1426 645 1484 mibi
659 1428 764 1488 lortius
776 1443 902 1506 armant,

20 1516 158 1583 Cernitis
169 1518 325 1580 absentem
338 1517 426 1600 longe
439 1519 519 1597 quod
533 1531 637 1580 cuncta
647 1521 757 1580 videre.

16 1610 83 1674 Sed
95 1630 315 1694 properemus,
330 1611 379 1670 ait.
393 1609 544 1695 Didymus
557 1624 627 1673 tunc
639 1611 707 1671 talia
720 1613 811 1673 satur:

12 1703 206 1788 Pergamus,
222 1705 393 1786 pariterque
407 1724 514 1763 omnes
527 1706 726 1786 procumbere
739 1706 820 1768 letlro

12 1797 196 1883 Cogamur,
206 1799 295 1860 toties
306 1798 386 1877 quod
397 1817 467 1879 gens
478 1797 501 1856 J
503 1799 582 1857 udaea
597 1798 737 1858 minatur.

10 1894 99 1956 Haec
112 1891 172 1969 ait,
184 1905 214 1955 et
223 1892 341 1965 cuncti,
362 1888 483 1952 Christo
497 1903 666 1971 praeeunte,
680 1904 852 1969 sequuntur.

10 1987 155 2067 Jamque
167 1985 267 2047 aderat
280 1981 435 2058 Christus,
450 1983 545 2042 fuerat
559 1984 610 2041 sed
623 1982 701 2042 forte
712 1984 828 2063 sepulto

10 2080 140 2162 Quarta
152 2080 232 2155 dies,
245 2096 415 2156 mersasque
429 2075 499 2135 atris
513 2076 550 2134 de
564 2085 662 2134 morte
676 2073 806 2134 tenebris

12 2176 193 2250 Germanas
205 2173 318 2246 luctus,
334 2171 559 2252 lacrymosaque
572 2179 648 2227 tecta
662 2167 822 2227 tenebant,

13 2268 202 2331 Convenere
216 2265 288 2327 illuc
298 2263 403 2325 solatia
415 2261 513 2322 debita
525 2262 628 2320 dantes

11 2362 133 2423 Judaeae
143 2359 238 2443 gentis
250 2376 408 2441 proceres,
424 2355 544 2433 carique
555 2351 729 2434 propinqui.

13 2453 79 2517 Sed
99 2451 241 2528 Martha,
254 2450 356 2512 audito
372 2445 527 2511 Christum
542 2445 675 2520 venisse,
690 2447 819 2507 cucurrit

14 2546 140 2625 Obvia,
159 2545 346 2624 deseruitque
362 2543 505 2617 domum,
521 2552 715 2618 moestamque
724 2558 872 2601 sororem.

13 2642 58 2704 Et
68 2640 195 2724 procul,
216 2633 252 2699 θ’
261 2638 375 2698 utinam
388 2654 518 2716 prnseus
530 2636 622 2694 virtus
633 2645 683 2693 tua
696 2632 785 2692 nobis

12 2736 156 2810 Afforet,
173 2746 203 2794 et
213 2731 337 2792 fratrem
351 2728 442 2789 morti
455 2728 599 2809 rapuisset
608 2724 732 2787 acerbae.

12 2830 100 2892 Nam
112 2825 256 2908 quidquid
270 2823 386 2906 poscis,
405 2834 519 2883 certum
531 2832 573 2881 est
587 2818 641 2878 tibi
657 2835 745 2897 posse
760 2814 871 2877 venire.

13 2925 122 3004 Quam
136 2918 290 2980 Dominus
301 2915 354 2976 tali
364 2915 475 2976 solatur
484 2933 559 2976 uoce
573 2919 760 2992 gementem:

13 3016 186 3077 Roranam
198 3025 353 3085 mentem,
372 3008 501 3083 mulier,
523 3005 633 3066 virtute
646 3020 773 3061 resume·

12 3109 146 3171 Lazarus
157 3108 222 3169 baec
235 3105 300 3168 ritae
311 3102 442 3166 rediviva
456 3103 487 3161 in
500 3096 616 3161 lumina
628 3107 735 3180 surget.
756 3186 774 3248 3

736 3211 750 3247 2
