2018 3714
13 312 46 355 V·
62 310 119 376 77·¹
353 299 379 352 tt
396 300 420 353 0
435 299 466 353 Μ
481 300 494 353 1
510 302 536 355 N
552 306 572 356 l.
842 295 900 381 337

13 392 62 457 Et
75 395 143 458 rice
155 392 285 476 jucunda
295 380 472 456 mortalibus
485 396 593 458 addere
606 395 733 464 fructum
748 426 757 464 t

13 488 94 551 Neu
106 508 228 569 semper
240 485 355 568 prolixa
364 487 427 548 dies
439 488 529 549 nimis
542 504 640 553 ureret
652 494 756 558 orbem
765 541 786 575 ,,

13 581 109 646 Neve
122 581 221 644 brevis
231 582 341 664 justum
355 595 472 663 raperet
483 585 669 647 nascentibus
681 588 778 671 ignem
791 618 799 654 z

12 680 66 743 Ac
79 696 120 738 ne
133 685 279 757 perpetuo
292 686 426 753 quateret
439 675 525 737 labor
539 678 642 739 omnia
655 681 737 759 nisu,

13 773 85 839 Dat
98 768 233 849 requiem
244 766 328 828 fessis
339 767 497 830 bominum
508 791 566 832 nox
578 775 694 836 roscida
708 779 804 841 curis:

21 864 127 947 thue
137 862 266 924 bumana
278 860 356 922 satus
366 882 502 924 securum
516 867 637 928 duceret
647 889 761 948 aerum,

18 958 143 1042 Sponte
155 954 297 1018 salutares
309 955 347 1016 de
361 956 473 1038 cespite
485 959 601 1041 surgitis
612 961 723 1027 herbae.

19 1052 88 1115 Has
102 1048 195 1115 Pater
206 1050 273 1132 ipse
285 1049 358 1110 serit
368 1063 442 1110 nutu
453 1095 462 1126 ‚
474 1072 537 1112 non
551 1073 672 1117 vomere
683 1057 776 1120 dives.

61 1144 138 1209 Non
151 1164 206 1228 eqo
219 1143 329 1204 serrato
341 1155 457 1225 tegerer
468 1145 494 1205 si
506 1145 618 1207 viscera
631 1170 738 1227 muro,

22 1238 221 1313 Ferreum,
233 1237 396 1328 linguaeque
408 1236 512 1329 forent
521 1238 595 1298 mihi
607 1241 690 1303 mille
702 1249 833 1325 canenti,

20 1330 154 1395 Munera
165 1343 271 1394 cuncte
284 1349 392 1410 queam
403 1343 507 1391 sestrae
519 1331 637 1412 pietatis
650 1335 743 1398 obire.
826 1363 828 1367 ·

20 1422 83 1490 Sed
96 1437 183 1509 pater
194 1424 246 1485 ille
257 1437 323 1484 tuus
336 1436 448 1485 secreta
462 1424 493 1484 in
507 1427 577 1486 sede
590 1425 720 1504 locatus,

18 1516 91 1583 Nec
99 1518 239 1600 cuiquam
252 1517 317 1578 risu
328 1515 437 1591 facilis,
453 1518 624 1597 cunctisque
637 1526 825 1604 tremendus,

16 1608 64 1675 'l'e
77 1611 162 1673 misit
174 1609 345 1671 Dominum
359 1610 463 1686 terris,
475 1611 600 1691 viteque
614 1615 794 1698 magistrum.

16 1702 62 1767 Et
74 1704 207 1786 quisquis
219 1717 322 1764 natum
335 1705 412 1784 justo
425 1718 582 1766 veneratur
593 1706 709 1771 honore
722 1753 732 1784 ‚

11 1798 244 1862 Ambobussua
256 1796 433 1873 vendicat,
448 1797 598 1878 vitamque
612 1819 786 1881 perennem.

10 1890 68 1955 To
82 1891 171 1966 cesti,
183 1891 320 1976 rectique
329 1901 433 1964 tenax,
448 1903 477 1951 et
490 1889 610 1952 flectere
622 1891 701 1975 leges

10 1982 97 2049 Post
109 1985 226 2048 crimen
239 1983 349 2059 facilis,
363 1983 388 2044 si
402 2004 492 2063 quern
506 1984 645 2046 secordia
659 2004 793 2068 praeceps

11 2077 151 2161 Depulit
161 2097 179 2139 a
189 2077 276 2138 robis
287 2077 461 2158 praescripto
472 2076 568 2137 limite
581 2077 657 2138 vitae.

11 2170 65 2234 'I'e
75 2170 195 2256 genitor
207 2183 308 2231 nostra
319 2182 490 2253 paterentur
503 2182 535 2229 ut
548 2189 601 2229 ora
614 2170 711 2248 tueri,

12 2262 121 2327 Induit
130 2264 261 2325 bumana
273 2263 365 2339 facie,
378 2262 581 2343 membrisque
594 2263 720 2325 caducis.

13 2354 99 2438 Quis
110 2368 238 2419 tentaret
251 2356 333 2419 enim
345 2355 462 2439 fragiles
475 2355 610 2417 attollere
622 2356 717 2436 risus,

12 2448 51 2513 si
64 2450 158 2512 talem
169 2451 295 2532 trepidis
306 2449 445 2512 voluisset
457 2450 560 2511 sistere
570 2450 674 2529 terris,
741 2506 744 2511 .

12 2541 125 2625 Qualis
136 2562 184 2618 es,
196 2543 309 2626 ingenti
321 2563 390 2606 curn
403 2556 524 2624 torques
535 2542 660 2607 fulmina
672 2546 790 2626 dextra,

12 2635 256 2717 Presentemque
267 2636 351 2717 jubes
362 2636 473 2698 directa
485 2656 642 2718 pavescere
656 2660 776 2720 poenam
789 2664 797 2701 ε

12 2727 74 2793 vet
86 2749 158 2791 cnm
170 2727 300 2810 placatus
313 2728 426 2810 campis
436 2729 603 2792 sitientibus
615 2730 728 2792 imbres

13 2822 153 2898 Dividit,
168 2835 197 2884 et
209 2822 410 2885 dubias-sulcis
423 2824 563 2905 producis
574 2824 696 2885 aristas?

52 2915 107 2977 Ne
119 2929 221 2977 tamen
232 2915 378 2998 insignem
391 2936 438 2978 res
450 2915 532 2976 nulla
543 2915 712 2978 ostenderet
722 2925 839 2998 ortum,

15 3004 142 3094 Virgine
153 3008 321 3089 conciperis
333 3031 341 3069 ε
355 3029 417 3070 non
429 3007 552 3083 suffieit,
567 3028 630 3070 esse
642 3009 800 3090 pudicam,

18 3098 85 3169 tter
96 3124 163 3189 quae
174 3115 267 3184 nupta
279 3113 368 3182 queat
376 3100 515 3164 Domino
527 3101 705 3188 conjungere
717 3102 859 3184 fratrem,

714 3217 754 3282 ²9
