2046 3712
70 444 186 527 v.587.
342 456 703 531 QPUSGULUM.
895 448 955 534 489

69 549 177 614 Nemo
192 572 226 613 er
238 551 297 614 hoc
308 571 437 614 numero
451 552 526 613 mibi
538 555 736 614 bondonetus
748 553 860 631 abibit,
921 581 925 589 ¹

71 643 293 725 Promissisque
307 648 420 728 patris,
435 659 547 722 vestra,
560 647 676 726 inquit,
691 668 817 709 munera
829 650 929 715 vobis.

72 737 167 800 Certa
178 753 317 815 manent,
328 743 473 821 pueri,et
484 740 618 822 palmam
626 754 727 802 movet
735 743 843 804 ordine
851 763 952 804 nemo:

71 829 112 892 Et
125 833 173 893 lux
186 855 255 896 cum
267 835 401 916 primum
413 836 500 897 terris
513 856 545 898 se
559 835 687 898 crastina
699 835 818 911 reddet,

70 923 161 988 Unus
173 929 229 988 erit
241 942 357 990 tantum
371 930 543 1010 in'meque,
558 930 742 1009 exitiumque
751 949 912 1006 meorum,

69 1016 154 1080 Dum
170 1022 304 1083 medium
318 1022 385 1104 paci
399 1043 429 1083 se
441 1023 530 1101 essert
542 1025 579 1085 de
591 1042 720 1104 corpure
732 1035 846 1082 nostro.

69 1110 213 1194 Namque
227 1115 308 1191 dies,
323 1117 355 1176 ni
369 1117 475 1193 fallor,
489 1118 587 1191 adest,
600 1116 743 1178 secludite
758 1135 843 1179 curas
857 1138 865 1174 ε
966 1152 970 1155 -

69 1203 195 1269 Mecum
209 1210 266 1270 erit
278 1211 333 1271 iste
344 1210 448 1285 labor,
460 1212 519 1272 'uec
532 1231 583 1271 me
595 1209 742 1271 sententia
753 1208 837 1269 fallit.

69 1297 178 1389 Unum
192 1323 250 1384 pro
261 1303 363 1365 multis
373 1304 492 1368 dabitur
504 1317 610 1385 caput:
624 1304 688 1365 baec
701 1304 741 1365 ita
754 1304 848 1378 satus,
890 1326 893 1333 ⁴

57 1391 246 1474 Emicuit,
260 1398 583 1481 serumque-deditum
594 1397 734 1464 membra
749 1397 891 1478 quietem.

360 1538 513 1603 urosrouos
536 1552 661 1602 rucrssr.

107 1683 282 1769 Diffugiunt
295 1687 441 1764 comites,
455 1701 486 1750 et
497 1698 737 1771 nocte-teguntur
749 1702 862 1768 opacum

63 1775 225 1855 Multaque
237 1782 377 1842 dura'suu
388 1782 466 1846 tristi
477 1802 548 1846 cum
562 1783 654 1845 corde
668 1781 810 1843 volutant.

65 1868 155 1948 Quid
168 1869 424 1932 facientiboerent·
435 1869 517 1930 infixi
531 1889 654 1951 pectore
668 1875 782 1947 vuitus,
824 1912 826 1916 »
862 1899 864 1903 ·
927 1879 930 1884 ’

67 1959 251 2044 Verbaque,
265 1982 322 2024 uec
334 1961 486 2045 placidam
501 1964 648 2031 membris
661 1966 711 2026 dat
722 1984 794 2028 cura
811 1963 954 2045 quietem.

231 2125 405 2179 corqursrro
421 2103 555 2170 Prummu
572 2096 794 2170 couurscruuuos.

106 2235 195 2300 Tunc
207 2237 309 2300 senior
321 2237 395 2299 tales
405 2235 554 2299 referebat
563 2246 688 2318 pectore
700 2254 807 2312 voces,
841 2239 845 2246 “

59 2330 282 2413 Multa'putans
296 2355 303 2392 ε
319 2331 371 2393 ubi
384 2351 466 2393 nuuc
477 2329 566 2391 uobis
579 2327 665 2391 Deus
677 2329 730 2391 ilie
743 2330 903 2414 magister?

62 2424 354 2505 Quemsequimur?
368 2444 469 2505 quove
476 2425 521 2485 ire
533 2423 700 2506 jubesiubi
708 2443 824 2506 ponere
834 2427 952 2488 sedem?

62 2516 99 2580 Ο
114 2517 220 2595 dolor,
233 2531 321 2598 atque
331 2519 421 2581 decus
432 2531 583 2580 tantarum
594 2508 689 2600 gloria
700 2521 817 2580 retum!

59 2611 140 2674 Jam
150 2613 213 2695 jam
225 2613 307 2673 nulla
318 2632 405 2674 mora
414 2626 476 2690 est,
491 2625 521 2674 et
532 2633 590 2673 uos
604 2631 676 2694 rape
688 2612 720 2672 in
734 2613 838 2675 omnia
850 2626 950 2676 tecum

62 2699 219 2785 Oramus,
233 2719 322 2788 teque
335 2719 456 2790 aspectu
468 2718 508 2770 ne
520 2706 659 2770 subtrahe
672 2719 787 2768 nostro.

161 2869 336 2912 sucssuuousss
353 2871 414 2913 CUM
431 2874 537 2914 Porum
563 2870 849 2912 communitatum.

107 2949 269 3043 Oceeuum
280 2982 395 3046 interea
406 3003 529 3067 surgens
541 2953 649 3044 aurore
662 2978 802 3060 reliquit,

63 3071 197 3154 Jamque
208 3078 375 3139 secerdotes
387 3077 447 3138 late
456 3075 523 3138 ioca
533 3075 684 3155 questibus
697 3072 844 3155 impleut,

66 3163 148 3231 Cum
162 3169 278 3254 pupulo
292 3183 322 3232 et
334 3168 493 3261 Patribus,
503 3168 655 3254 ferturque
666 3187 722 3254 per
735 3168 855 3253 agmina
864 3187 948 3229 mur-

231 3283 302 3326 mur
313 3286 322 3339 3
