2046 3712
54 230 151 285 tour.
167 230 207 285 m
224 232 380 288 currusm
396 232 461 286 uu.
477 236 521 289 m.
624 228 680 302 145

54 346 61 387 t
73 338 135 400 oet,
146 320 362 406 hominemque
374 327 538 390 remitteret
547 329 652 394 astris..
692 368 696 375 ·

54 420 166 482 lemnes
178 420 293 482 Abram
304 434 390 501 pater
400 423 520 482 exstruit
530 444 613 500 arae,

54 513 124 575 lovis
135 514 300 577 habitacula
312 514 441 594 punitio
453 516 539 601 arrio.

54 629 85 668 ae
98 628 216 669 romum
227 609 329 669 seriem
342 620 457 668 mutare
470 620 588 670 coactus
700 594 704 603 ’

54 700 681 785 >tamquedomum‚lamuloaquegregesque

63 794 154 855 rebus
163 795 346 857 commercia
357 798 432 876 justa
445 797 612 876 rependens

54 901 146 962 itum,
161 900 191 948 et
204 884 289 947 Sarai
302 887 454 969 appellare
467 906 604 948 sororem

53 1000 184 1055 uorem,
196 1001 236 1041 ne
246 981 373 1041 barbara
385 994 509 1062 pectora
519 981 613 1045 sancti
686 974 691 989 '

54 1076 118 1134 lem
130 1073 261 1133 stimulet
273 1073 386 1134 furiosa
398 1073 503 1134 libido.

53 1166 157 1227 ‘haran
170 1166 311 1227 radiantis
323 1166 452 1249 imagine
464 1166 571 1226 formae

53 1274 77 1336 t,
88 1260 294 1339 thalamosque
305 1272 337 1320 et
350 1259 460 1320 loedera
471 1271 552 1320 certa

53 1374 123 1437 ugos
134 1353 235 1415 isthaec
245 1350 395 1415 connubia
407 1352 439 1411 in
453 1370 549 1413 annor

53 1446 129 1531 oug'e
140 1447 226 1507 aliter
239 1448 410 1528 disponeret
418 1444 469 1505 ille

53 1542 90 1617 ii,
104 1541 153 1603 cni
165 1560 233 1602 cum
246 1540 345 1601 minus
357 1540 411 1599 ista
423 1538 594 1618 placerent,

53 1637 78 1718 gi
91 1654 189 1696 merua
199 1633 362 1695 formidine
374 1632 480 1692 mixtus

56 1729 99 1787 ito
110 1722 203 1807 quatit
215 1726 356 1807 improba
367 1726 458 1787 corda
468 1725 613 1796 tumultu,

53 1822 140 1881 timos
152 1821 236 1903 niger
247 1820 374 1893 horror,
395 1831 432 1878 et·
442 1817 577 1899 implicat
588 1830 665 1879 artut
678 1837 687 1877 t

53 1938 82 1993 ;ae
95 1915 190 1997 gentis
202 1926 263 1973 tam
278 1912 372 1972 tristia
384 1925 454 1973 vota

53 2029 112 2068 asse
125 2007 244 2079 Deum,
258 2006 309 2084 qui
320 2005 378 2064 tale
391 2004 529 2085 prolecto

53 2102 109 2160 ruit
120 2098 256 2172 famulis,
271 2111 303 2157 ut
314 2099 457 2158 barbarus
470 2096 564 2157 hostis

53 2194 101 2253 irai
114 2212 252 2254 securum
264 2204 436 2273 agnosceret
450 2191 585 2250 Abram:

53 2300 153 2358 tectus,
168 2303 257 2364 quam
270 2304 332 2343 non
347 2283 469 2364 impune
482 2280 609 2363 profano

53 2399 98 2453 ·o‚
111 2398 200 2458 quem
213 2398 270 2437 uec
280 2377 402 2436 viduare
416 2376 527 2437 liceret.

52 2515 60 2545 ‚
73 2472 156 2533 nulla
166 2470 307 2532 violatam
317 2469 401 2543 labe,
416 2469 524 2529 marito

52 2567 118 2644 ;enti
132 2564 314 2628 cumulatum
327 2564 409 2645 fruge
422 2561 547 2624 remittit

53 2660 241 2737 ethleemque
253 2677 337 2719 suam
349 2680 356 2715 ε
370 2677 429 2734 quo
443 2656 552 2716 deinde
566 2650 679 2732 recepti

52 2774 106 2831 que
114 2754 264 2830 domoque
276 2763 378 2831 pater,
393 2769 461 2810 cum
471 2747 595 2829 conjuge
604 2744 695 2821 salva,

52 2866 122 2927 pos,
138 2858 167 2906 et
179 2844 299 2927 pinguia
312 2862 420 2924 pascua
433 2841 492 2899 late

52 2951 109 2998 unt
120 2938 255 3021 gregibus
268 2959 277 2995 ι
289 2938 361 2995 dum
373 2932 468 3016 jurgia
481 2931 585 2993 crebra

52 3032 164 3112 patrui
177 3042 244 3091 nata
257 3041 344 3109 atque
358 3026 494 3108 nepotis,
563 3048 567 3059 ¹

541 3117 579 3179 13
