2046 3712
10 258 135 379 2226.
218 276 676 368 rnnrsesmncrrnomr.
840 296 900 382 369

10 398 99 569 &a
111 396 236 493 mutabo
250 424 375 482 necem,
388 407 498 488 gaude,
511 404 627 481 laetare,
641 404 818 486 triumpha,

21 568 25 577 Ι
74 498 202 561 mnodo
213 497 256 561 sic
267 497 380 572 vincas,
394 511 427 558 ut
439 498 479 558 sis
495 517 634 578 suprema
647 511 777 558 tuorum.
890 544 894 551 ,

10 576 204 761 {dedecima
215 589 306 651 nimis
318 602 456 651 ustorum
469 591 573 651 sunere
583 590 710 674 gaudes?

53 704 99 747 oe
107 702 228 763 quoque
239 682 280 741 do
291 679 423 743 dammis
433 727 441 757 ,
453 683 530 759 hoc,
543 703 599 744 uec
611 696 727 743 mutare
738 695 866 764 potestas

10 748 95 839 ffiib
106 786 206 859 potest
215 774 352 851 decreta,
365 777 459 836 modo
472 799 480 835 ι
496 788 527 835 tu
540 776 606 837 vive
616 788 765 857 superstes

10 846 111 933 dtur·
119 868 197 930 erite
207 869 283 944 tuis,
296 881 326 930 et
336 889 375 930 ne
385 889 454 929 mes
465 870 542 950 jusso
555 882 731 943 morentur,

10 942 112 1041 ‘ordo
121 980 194 1023 snos
201 973 321 1043 peraget
333 982 444 1024 cursus.
457 959 619 1023 Producite
632 975 759 1038 natum,

10 1046 91 1119 Nee
100 1072 181 1117 nno
194 1067 318 1135 pereant
330 1055 431 1138 ignes,
447 1056 588 1117 dubiusve
600 1056 702 1116 videre

21 1144 85 1211 lex
96 1158 168 1231 post
180 1146 238 1209 iste
248 1168 337 1223 reos,
352 1149 446 1208 timor
456 1160 499 1210 est
509 1150 583 1209 mihi
595 1149 708 1212 demine
719 1148 833 1212 nulius..

10 1320 12 1327 Ι
24 1234 196 1325 Praecipuus
209 1242 247 1302 de
256 1253 403 1324 gentetua
416 1242 589 1322 produceris
602 1243 707 1319 index,

24 1330 131 1417 Qum
138 1334 240 1417 specie
252 1324 389 1397 mirande
403 1357 495 1417 puer,
509 1337 557 1397 cui
569 1348 692 1418 pectore
706 1336 804 1405 virtus

24 1424 128 1495 tirus
138 1440 260 1503 manet,
273 1430 335 1509 jam
349 1451 413 1508 quse
425 1441 543 1511 poterat
555 1428 603 1491 vei
616 1429 735 1491 vincere
748 1448 860 1511 regem.

60 1520 113 1585 Ad
123 1540 215 1603 quem
225 1520 269 1583 sic
279 1520 400 1603 placido
414 1534 510 1583 mater
522 1542 661 1583 sermone
673 1521 773 1585 locuta
786 1533 849 1584 est:

28 1610 138 1677 Sidere
150 1614 323 1696 eomplems
334 1614 423 1675 matri
435 1614 489 1675 tibi
500 1628 569 1676 nate
580 1614 704 1693 liceret,

29 1702 193 1771 Confitetor
202 1705 338 1788 soiipost
349 1707 473 1768 vulnere
485 1720 552 1769 nate
565 1709 724 1770 dedissem.
764 1778 767 1785 .

26 1796 81 1865 ded
93 1800 145 1863 me
156 1802 231 1863 dura
243 1812 340 1878 vetet,
354 1800 502 1882 tristisque
514 1801 648 1882 potentia
660 1802 735 1884 regis
749 1825 758 1861 τ

24 1888 82 1957 ded
92 1906 181 1977 neget
193 1893 344 1975 amplexus
355 1936 365 1968 ,
377 1894 453 1954 dum-
461 1894 500 1954 sit
512 1914 568 1955 vox
579 1893 675 1954 libers
687 1893 793 1970 nobis,

20 1980 58 2049 Et
66 1984 159 2051 licens
169 1986 343 2047 meminisse
355 1982 436 2063 Dei,
449 1987 605 2070 legemque
619 1999 720 2046 tenere

18 2074 123 2143 Nou-a
134 2080 331 2165 rege-dotem,
346 2080 397 2141 sed
410 2098 499 2160 quam
510 2078 595 2141 Deus
607 2079 718 2143 arbiter
731 2077 813 2139 orbis

17 2168 176 2250 Tradidit,
187 2184 217 2234 et
227 2172 333 2233 mundi
344 2185 463 2247 rector,
478 2170 642 2251 Mosesque
654 2170 781 2253 petitam

15 2266 164 2349 Accepit,
179 2266 352 2349 populoque
364 2265 445 2326 dedit
458 2289 465 2326 :
480 2285 571 2344 quam
584 2265 713 2325 ma'sims
725 2263 788 2324 lans
801 2274 844 2323 est

10 2356 118 2423 Nosse
131 2357 253 2433 Deum,
266 2358 375 2418 merito
389 2358 437 2420 cui
451 2377 507 2418 nos
519 2357 684 2419 tribuamus
696 2357 854 2419 honorem.
964 2368 968 2378 ’

10 2450 65 2517 Tu
76 2452 172 2513 modo
184 2472 224 2516 ne
234 2451 338 2514 dubito
346 2450 469 2512 monitis
481 2469 591 2532 parere
602 2450 733 2531 parentis
745 2473 752 2509 :

14 2542 81 2607 set
92 2544 179 2627 rigor
190 2556 220 2605 et
232 2544 341 2619 virtus,
354 2543 532 2625 penitusque
543 2545 574 2604 in
587 2557 709 2624 pectore
722 2554 791 2603 toto

16 2636 110 2711 Heus
121 2649 240 2698 maneat
252 2638 313 2719 jam
324 2636 416 2717 plena
426 2634 497 2697 Deo
510 2660 517 2696 ε
532 2637 569 2696 sit
582 2636 690 2698 sortior
701 2649 769 2697 oetas

17 2728 125 2811 Quem
138 2729 201 2813 regi
212 2750 332 2811 sperare
345 2730 419 2805 ruit,
432 2748 552 2810 sperare
563 2726 701 2809 jubentis.
794 2776 798 2783 .

18 2820 53 2885 Ο
65 2836 175 2905 quante
185 2835 230 2884 est
242 2823 348 2899 virtus,
363 2834 473 2902 quanta
486 2834 529 2882 est
542 2821 649 2882 fiducia
664 2821 766 2882 fortis!

19 2914 82 2979 Sed
91 2930 126 2979 tu
137 2916 209 2996 quid
222 2915 461 2976 dubitasinedias
474 2914 611 2975 evincere
623 2912 759 2975 flammas
767 2914 788 2974 ἓ·

20 3006 214 3085 Victoreris,
227 3009 417 3083 mihicrede,
432 3027 523 3088 puer,
537 3007 690 3086 victorque
703 3004 824 3067 redibis.-

26 3096 150 3169 Ossibus
162 3115 193 3165 st
202 3100 307 3165 validis
319 3101 457 3165 miscebit
469 3118 600 3184 corpora
608 3093 736 3175 nervus,
810 3101 813 3107 '
