2018 3714
10 264 141 350 ιθὸς.
346 277 602 333 euuusrs.
666 233 670 238 ⁵
853 276 922 338 3051

10 366 107 432 Haec
119 368 174 431 ubi
187 369 399 445 constiterant,
412 386 512 433 rector
523 373 572 432 dat
584 371 668 433 mille
678 374 801 453 talenta,

10 460 64 523 Et
80 462 230 538 famulos,
245 463 292 523 his
304 463 397 524 molle
408 482 500 544 pecus
511 509 521 540 ,
532 479 726 546 armentaque
738 471 839 552 jungit.

10 554 141 639 Jugera
155 555 320 634 quinetiam
333 556 408 618 latos
421 558 529 618 diffusa
540 580 596 639 per
607 579 713 643 agros,

13 646 208 709 Dummodo
219 651 427 729 promeritum·
434 650 563 712 lenirent
576 653 655 713 dona
668 666 793 716 reatum.

17 739 171 820 Namque
184 742 292 803 dumos
302 742 379 825 regis
391 745 520 805 admissa
533 745 651 825 piacola
662 749 815 827 pendens,

22 830 95 914 Qui
107 854 177 895 cum
189 835 322 896 terrifico
335 835 463 916 rupisset
475 839 594 898 somnia
607 839 689 915 suu,

20 926 158 1010 Agmine
172 927 351 988 morborum
364 929 477 1010 pariter
489 943 708 1012 grassanteper
720 952 826 994 omnes
840 976 849 1009 ,

24 1018 177 1081 Germina
190 1019 332 1081 femineis
340 1022 453 1082 dudum
466 1024 633 1085 decusserat
645 1023 726 1086 alvis.

27 1110 147 1173 Vemm
160 1112 212 1173 ubi
224 1113 364 1193 pacificus
377 1128 456 1176 vates
467 1136 525 1197 pro
540 1136 607 1199 rege
617 1119 757 1197 poposcit

27 1202 185 1267 Procubus
196 1204 400 1280 auteDeum,
414 1209 583 1289 promptim
599 1230 631 1270 se
643 1210 708 1270 laeta
722 1232 776 1290 per
790 1231 906 1273 omnes

27 1294 174 1362 Reddidit
186 1297 323 1376 ubertas,
336 1299 476 1382 alvosque
490 1301 626 1383 implevit
639 1304 765 1384 opimas.
852 1370 854 1376 ,

433 1451 503 1513 ΧΧ.

22 1577 95 1664 lpse
106 1581 200 1643 etiam
211 1581 333 1666 insuetis
343 1594 495 1663 postrema
509 1582 540 1642 in
555 1595 692 1663 tempora
705 1583 781 1643 votis

19 1671 78 1735 Fit
90 1687 193 1756 pater,
206 1687 237 1735 et
246 1675 306 1736 laeti
320 1687 461 1755 reputans
473 1674 577 1735 solatia
591 1676 681 1750 risus,

18 1765 191 1849 Nuneupat
202 1767 353 1844 isaacum,
368 1771 504 1830 urandata
518 1781 547 1829 et
558 1770 690 1829 numinis
705 1769 765 1828 alti-

14 1859 144 1937 Efficit,
160 1874 264 1924 octavo
277 1863 440 1942 decerpens
452 1861 566 1920 lumine
581 1875 713 1943 tegmen,

17 1953 49 2015 E
63 1967 204 2030 veretro,
215 1955 392 2034 stabilesque
406 1955 731 2034 vidensjampromere
742 1973 881 2034 gressus,

19 2045 214 2128 Conjunetus
227 2048 305 2108 inter
319 2047 441 2128 propria
454 2047 491 2105 de
505 2046 597 2125 stirpe
611 2045 797 2125 propinquos

18 2136 183 2215 Vescitur,
196 2152 225 2200 et
239 2141 348 2201 mensis
361 2141 478 2222 genitor
490 2150 618 2220 gratatur
631 2137 751 2217 opimis.

20 2231 110 2294 Nam
123 2233 285 2314 desperatis
297 2235 394 2314 major
406 2232 439 2291 fit
448 2229 648 2313 gratia-votis..

19 2324 246 2405 Jamque-puer
259 2345 353 2406 puero
366 2327 481 2406 junctus
493 2323 653 2384 dum’ludit
665 2322 807 2397 alumno,

23 2418 185 2502 Compulit
195 2418 287 2502 ignito
301 2431 431 2479 matrem
439 2431 605 2499 turgescere
613 2416 691 2477 selle.

22 2512 66 2574 Et
79 2525 181 2573 tamen
193 2511 301 2573 invitus
315 2512 416 2572 senior
429 2511 505 2575 dum
513 2511 640 2571 maxima
653 2512 731 2591 jussa¹

25 2603 178 2667 observat
189 2602 336 2677 Domini,
351 2602 463 2683 pariter
471 2603 600 2664 detrusit
611 2615 781 2680 utrumque·

24 2696 66 2772 At
78 2697 189 2758 molier
201 2709 359 2779 postquam
373 2696 489 2756 domini
503 2698 539 2756 de
552 2698 622 2757 sede
636 2705 808 2756 remotaest
820 2733 841 2765 ,-

23 2791 101 2852 Avia
110 2791 228 2851 dimoto
240 2790 341 2850 lustrat
355 2801 469 2851 secreta
480 2809 636 2872 regressu..

24 2882 157 2962 Jarnque
165 2904 256 2964 panes
267 2895 408 2957 cunctos,
420 2881 582 2959 vinumque
589 2879 787 2957 insumpserat
797 2892 900 2948 omne,

22 2976 187 3037 Exanimen
200 2975 275 3036 lasso
289 2976 438 3056 suspirans
450 2986 573 3054 pectore
586 2985 709 3047 natum,
776 2974 779 2979 ’

22 3067 159 3133 Devenit
170 3071 208 3130 ad
219 3080 359 3151 puteum,
372 3068 497 3130 coitum
506 3064 637 3128 -Miratio
650 3083 774 3215 nomqu.

706 3179 728 3218 2
748 3199 756 3216 0
765 3204 768 3209 .
