2046 3712
107 288 164 352 ιιι
393 302 688 362 onumen
731 332 734 337 -
775 280 778 285 ’
853 275 916 361 v.''

105 396 245 480 Corriget
256 393 403 459 anfractus
414 398 498 460 iteris
508 399 589 461 bona
600 398 681 461 linea
690 398 783 479 teeti,
830 418 833 423 ·
902 422 919 471 ·,

104 490 328 571 corporeisque
344 490 439 553 oeulis
450 490 553 552 lumen
568 504 694 555 traeture
706 514 844 557 serenum
906 502 912 521 '

103 582 258 645 Omnibus
270 582 400 665 indulget
411 585 545 666 genitor,
559 583 897 667 Dominusquesuuttr:

99 675 183 761 Ergo
196 679 318 738 aderant
328 677 453 759 populi,
467 678 637 759 passimque
647 670 802 743 lutreiste
912 742 917 751 ,

102 770 856 855 conplebantripas‚avidiquenvaerupetebnn
893 780 920 861 '⁵'

99 862 195 927 Texta
206 862 390 927 camelorum
401 863 518 925 fuerant
527 864 676 927 velamina
686 866 776 945 retis,
894 876 911 913 '¹¹

101 956 141 1017 Et
152 978 235 1017 zonae
246 956 339 1037 pelles
352 955 486 1018 medium
496 957 617 1019 cinxere
631 952 837 1041 Propltetnn,¹
863 974 868 985 '
888 966 906 995 u

97 1051 188 1113 Arvis
200 1050 251 1129 qui
264 1049 367 1110 solitus
379 1049 526 1110 ruralibus
537 1070 601 1111 esse
610 1050 754 1129 temnas,
852 1074 856 1085 ·

97 1142 139 1205 Et
150 1159 270 1205 tenuem
283 1143 393 1205 rictum
408 1143 542 1224 prebent
552 1141 697 1205 silvestria
705 1144 810 1207 mella.
832 1166 835 1173 ’
861 1180 864 1187 ·
881 1180 885 1185 -

97 1238 186 1317 lsque
199 1236 251 1297 ubi
267 1248 311 1295 tot
323 1234 453 1317 populos
463 1236 587 1297 dirersis
597 1236 717 1298 sedibus
726 1250 823 1301 ortos·
908 1250 920 1281 ·'=

97 1331 217 1392 lrrue're
227 1329 265 1390 ael
276 1325 401 1389 flurium
413 1329 526 1404 cernit,
538 1328 582 1391 siu
591 1328 727 1417 increpat
738 1350 821 1393 oret
914 1350 919 1377 ¹

96 1422 240 1504 Vipereae
250 1421 345 1506 gentis
355 1421 492 1497 soboles,
510 1422 577 1501 quis
587 1421 686 1483 debita
698 1422 789 1485 robis
816 1456 821 1471 ·
899 1442 902 1447 ·

98 1514 273 1596 Supplicia,
287 1527 480 1598 urgentesque
493 1515 551 1574 iras
564 1516 688 1579 eradere
700 1516 873 1579 monstrat?
894 1530 907 1567 t

97 1609 160 1673 set
172 1608 276 1682 facite,
290 1628 309 1666 o
319 1608 443 1681 miseri,
457 1607 603 1683 fructum,
617 1608 642 1668 si
654 1608 852 1695 poenitut‚-ap
897 1602 910 1619 '⁸

96 1704 166 1767 Nee
177 1699 294 1785 generis
305 1700 392 1759 vestri
403 1698 488 1760 tollat
499 1700 606 1762 lidueia
619 1713 746 1763 mentes.

95 1796 180 1859 Nam
193 1792 278 1856 saeile
290 1812 307 1854 e
319 1794 392 1853 saxis
404 1793 494 1854 etiam
507 1794 699 1875 pronomine
710 1793 822 1875 plebes
877 1836 881 1859 ·.

97 1890 265 1952 Succedunt
277 1900 373 1949 restro
385 1930 394 1961 ,
408 1887 526 1947 soboles
537 1887 606 1966 quia
617 1889 746 1970 degener
759 1904 852 1952 errat.

97 1983 237 2046 Proxima
253 1979 389 2041 roboreis
400 1982 460 2061 jam
472 1981 532 2061 jam
546 1980 694 2042 radicibus
706 1980 798 2042 instat

98 2076 284 2141 Cunctorum
297 2087 364 2134 ante
379 2072 498 2147 oculos,
511 2073 646 2151 aciesque
660 2073 755 2136 lerata
766 2076 890 2140 secutis.

97 2170 259 2233 (laedentur
271 2167 352 2228 silvae
363 2165 495 2240 steriles,
510 2166 667 2247 ignemque
680 2167 840 2233 fovebunt.¹

94 2261 189 2325 Nunc
201 2281 255 2344 ego
267 2259 430 2341 praeteritas
443 2259 573 2320 maculas
589 2258 757 2322 influmine
769 2284 852 2343 puro

95 2355 228 2416 Abluere
239 2352 351 2413 institui
365 2376 372 2411 ε
386 2351 485 2413 veniet
497 2354 548 2412 sed
561 2350 669 2412 fortior
682 2352 774 2430 alter,

97 2446 192 2530 Cujus
203 2445 300 2507 vinela
312 2447 423 2525 pedum
436 2465 499 2505 non
511 2466 577 2506 sum
590 2445 762 2528 contingere
775 2448 895 2534 dignus.

94 2538 207 2601 Abluet
219 2538 269 2598 ille
282 2538 418 2598 homines
431 2551 531 2599 sancto
546 2538 577 2597 in
590 2538 754 2619 spiramine
767 2560 924 2629 mergent,
941 2544 949 2589 '-

95 2630 363 2710 Flammarumque
373 2629 471 2712 globis
483 2630 621 2713 purgabit
630 2631 718 2692 noxia
731 2637 838 2699 eorda.

93 2722 179 2784 lllius
192 2736 221 2784 et
235 2724 372 2784 manibus
384 2723 490 2784 ruralis
502 2723 571 2804 pala
583 2736 708 2788 tenetur.

93 2812 137 2875 Et
149 2817 273 2897 propria
285 2816 377 2897 ipsius
389 2817 563 2899 purgabitur
572 2836 642 2878 area
655 2817 797 2902 frugum,

92 2904 275 2988 Horreaque
289 2908 427 2989 implebit
438 2909 544 2971 secreti
557 2912 645 2993 copia
656 2910 760 2989 larris,

89 2993 300 3079 'AEternusque
314 3002 393 3062 leves
406 3001 506 3082 paleas
518 3003 712 3084 populabitur
724 3005 812 3089 ignis.

95 3086 115 3104 ⁹
183 3092 240 3172 ait,
259 3107 290 3155 et
302 3096 440 3179 properis
452 3115 510 3177 per
519 3096 625 3160 silvam
636 3098 774 3183 passibus
785 3100 890 3187 ipm
928 3162 933 3171 .
946 3142 950 3149 ·
