2018 3714
10 286 120 367 ιβ.
351 291 606 349 onunsts.
846 287 905 350 285

26 399 175 484 Serpebat
189 401 283 465 tacite
290 399 379 484 spiris
391 404 565 488 frigentibus
578 405 696 490 anguis3
721 488 724 493 Ι

24 493 134 557 Lirida
146 496 283 557 mordaci
294 497 417 558 volvens
427 500 583 560 mendacia
594 520 698 574 sensu,

24 573 172 639 Femineo
185 589 278 638 tentat
290 578 345 638 sub
355 593 478 659 pectore
489 580 595 640 mollia
605 581 697 642 corda
710 603 717 640 :

24 666 84 734 Dic
96 670 192 745 milri,
206 691 264 752 cor·
271 684 386 734 metuas
397 672 495 744 felicia
508 674 643 757 germina
656 674 750 734 mali?

23 746 173 832 Nunquid
183 772 279 833 poma-
287 751 373 814 Deus
385 775 452 815 non·
460 757 562 816 omnia
574 756 801 818 natasacravit?

23 840 117 925 dtqni
130 844 156 906 si
166 845 283 916 studeas
295 845 427 907 mellitos
440 867 563 928 carpere
576 848 690 926 victus,

21 934 142 999 Aureus
152 938 297 1021 astrigero
309 940 418 1000 redibit
430 942 551 1002 cardine
562 943 700 1003 mundus.

20 1026 75 1090 llla
88 1045 194 1114 negat,
206 1032 375 1113 vetitosque
383 1033 470 1094 timet
483 1035 655 1117 contingere
668 1054 768 1096 ramos
777 1057 790 1106 3v

18 1119 86 1184 Sed
97 1137 199 1187 tamen
211 1124 333 1186 infirmo
345 1125 504 1189 vincuntur
516 1139 639 1209 pectora
649 1148 745 1188 sensu.

13 1211 111 1278 Ilicet
119 1228 152 1287 ut
162 1216 252 1279 niveo
265 1219 326 1301 jam
338 1219 425 1281 mitia
438 1222 526 1281 dente
540 1220 724 1297 momordit,

10 1308 145 1370 Allulsit
157 1310 240 1377 nulla
252 1313 437 1373 maculatum
446 1314 526 1374 nube
537 1333 687 1376 serenum.

10 1399 102 1464 Tum
115 1423 207 1485 sapor
217 1403 390 1467 illecebram
403 1407 524 1468 mellitis
531 1407 564 1466 in
578 1407 712 1470 faucibus
723 1408 829 1472 indens

10 1491 161 1578 Perpnlit
173 1496 288 1560 insueto
301 1520 410 1561 munus
423 1501 539 1563 deterre
553 1501 671 1562 marito.

12 1589 117 1668 Quod
128 1590 262 1654 simulac
274 1593 417 1674 sumpsit,
432 1596 546 1655 detersa
559 1608 667 1667 nocte,
681 1595 808 1655 nitentes

13 1680 183 1744 Emicuere
194 1685 291 1760 oculi,
307 1688 420 1747 mundo
433 1687 625 1769 splendente,
638 1689 745 1749 sereni.

12 1772 165 1858 Ergoubi
179 1772 323 1838 nudatum
334 1771 485 1860 prospexit
498 1800 607 1861 corpus
618 1794 761 1862 uterque,
962 1863 964 1866 y

14 1867 99 1946 Quae
110 1871 249 1949 pudenda
262 1873 380 1948 vident,
395 1871 511 1934 ficulnis
524 1873 681 1932 frondibus
695 1872 844 1933 umbrant.

13 1961 115 2022 Forte
127 1963 182 2024 sub
195 1965 322 2026 occiduo
335 1965 466 2026 Domini
477 1967 540 2047 jam
553 1965 668 2024 lumine
681 1964 753 2024 solis

12 2054 194 2138 Agnoscunt
204 2059 351 2134 sonitum,
365 2059 534 2141 trepidique
548 2059 585 2118 ad
598 2057 683 2117 deria
695 2057 829 2116 tendunt.

13 2145 99 2209 Tum
111 2148 272 2223 Dominus:
278 2151 348 2213 coeli
359 2165 498 2231 moestum
511 2149 674 2231 compellat
687 2149 837 2209 Adamum
854 2173 861 2207 ε

15 2239 99 2315 Dic,
112 2243 256 2313 obinunc
270 2247 373 2328 degas?
386 2243 558 2326 Respondit
569 2242 640 2304 talia
652 2241 776 2324 supplex
789 2264 796 2300 :

17 2332 51 2394 0
66 2333 203 2398 Domine
213 2337 341 2413 ,allatus
353 2338 467 2418 pavido
477 2339 531 2398 sub
545 2338 636 2399 corde
649 2334 790 2396 tremisco
804 2377 815 2410 ‚

12 2424 148 2511 Magne,
162 2441 249 2505 tuos,
260 2432 420 2511 nudusque
427 2442 508 2491 metu
518 2430 632 2512 rigente
643 2429 761 2512 fatigor.

13 2517 101 2581 Tum.
110 2520 265 2586 Dominus
279 2548 289 2584 :·
303 2523 488 2605 Quispoma
499 2524 581 2584 dedit
595 2522 712 2584 noxalia
723 2521 840 2583 vobisi·

12 2610 156 2675 Tradidit
167 2616 368 2692 hoec-mulier,
383 2619 456 2677 dum
469 2617 558 2693 dicit,
571 2617 686 2678 lumina
696 2612 873 2695 promptim.

15 2705 169 2769 Gaudenti
182 2710 303 2790 perlusa
315 2709 383 2784 dte,
396 2709 601 2790 liquidumque
614 2728 755 2771 serenum

11 2801 171 2863 Allulsisse
183 2803 260 2878 sibi,
275 2804 453 2883 solemque,
468 2817 499 2864 et
510 2805 608 2864 sidera
621 2801 697 2863 coeli.

12 2890 161 2961 Protinus
172 2896 219 2957 ira
229 2895 292 2956 Dei
307 2896 455 2965 turbatam
468 2898 589 2971 territat¹
596 2892 715 2967 Evam,

12 2985 181 3050 Auctorem
195 2989 279 3050 vetiti
292 2990 365 3049 dum
379 2989 483 3069 quaerit
495 2986 645 3047 Maximus
657 2983 725 3044 aeti.

12 3075 72 3140 llla
84 3083 139 3144 sub
152 3082 215 3146 haec
227 3082 356 3168 pandit:
373 3080 529 3166 Serpentis
541 3096 625 3144 suma
637 3072 765 3178 loquelis
787 3076 807 3132 .'
897 3041 898 3045 Ἰ
