2018 3714
13 306 128 392 v.t97.
214 303 455 372 evasonnc'n
472 320 561 374 nrsr.
577 320 643 374 nu.
664 320 698 376 11.
832 310 891 381 215
963 290 965 295 ’

16 413 113 478 Hunc
124 433 179 497 ego
192 433 256 476 non
269 413 354 475 aliter
366 434 467 477 coram
479 417 613 500 genitore
626 419 751 483 fatebor.

19 506 72 570 Sic
85 509 190 569 itidem
202 526 306 569 eoram
318 508 451 591 genitore
461 511 576 592 negabo
588 526 755 596 negantem.

16 597 93 663 Non
107 621 162 685 ego
173 621 254 662 nunc
266 620 371 681 pacem
384 601 470 661 terris
480 602 641 665 immittere
655 608 741 684 veni,

21 689 82 755 Sed
94 693 245 776 gladium,
264 694 362 775 patrio
375 694 495 755 dirimat
506 697 557 776 qui
570 711 692 778 pectore
705 713 826 779 uatum,

20 782 62 846 Et
73 786 193 849 dulcem
205 800 305 848 natam
318 787 439 848 dirimat
451 790 501 867 qni
512 804 633 871 pectore
647 795 759 859 matris.

22 875 53 940 Si
66 880 137 959 quis
149 897 253 941 amore
264 900 334 940 meo
346 882 514 963 genitorem
525 883 618 963 pluris
630 885 769 964 habebit,

20 966 79 1033 Vel
91 972 201 1049 matri,
218 970 352 1035 sobolive
366 994 467 1035 meum
478 989 638 1057 postponet
651 997 805 1059 amorem,

20 1059 140 1127 Sentiet
149 1063 326 1126 horribilem
338 1079 438 1127 nostra
451 1069 487 1128 de
500 1070 569 1130 sede
585 1070 744 1151 repulsam.

19 1153 208 1220 Contemuet
219 1158 388 1238 quicunque
405 1160 537 1220 animam
550 1183 606 1242 pro
623 1165 747 1228 nomine
760 1181 882 1248 nostro,

12 1245 161 1311 Inveniet
171 1248 237 1311 lreta
250 1249 407 1314 florentem
422 1254 504 1337 fruge
517 1254 627 1315 salutis.

14 1343 89 1425 Qui
103 1364 157 1405 ros
166 1344 326 1425 suscipiet,
346 1368 395 1408 me
407 1348 569 1427 suscepisse
580 1348 717 1432 benignis

9 1435 206 1519 Obsequiis,
217 1437 297 1499 idem
310 1460 359 1500 me
369 1460 425 1520 pro
435 1441 569 1523 genitore
582 1461 725 1521 supremo

10 1528 196 1611 Suscepisse
208 1524 266 1597 siti
277 1533 414 1615 gaudebit
427 1545 552 1613 perpete
567 1534 635 1594 vita.

62 1620 157 1683 Talia
165 1622 318 1704 discipulis
328 1623 374 1685 bis
383 1638 431 1685 sen
443 1645 511 1686 curn
523 1627 601 1706 jussa
613 1625 757 1705 dedisset,

10 1715 131 1776 Justus
143 1714 269 1777 loannes
283 1716 352 1777 oaeci
363 1717 401 1778 de
414 1718 540 1779 carceris
557 1717 673 1779 umbris

10 1805 200 1870 Sectanturn
212 1828 367 1869 enumero
379 1810 509 1872 delectos
521 1809 591 1871 talia
603 1811 681 1873 dicta

10 1902 70 1963 Ad
86 1899 242 1962 Christum
253 1914 372 1983 portare
384 1903 485 1984 jubet,
499 1923 662 1982 rerumque
674 1903 807 1967 referre:

10 1995 112 2057 Tune
123 1996 183 2078 piis
193 1995 299 2057 animis
313 1996 447 2075 requies,
461 2016 551 2075 quarn
563 1997 644 2079 regia
656 1996 723 2057 coeli

18 2088 167 2151 Pollicita
177 2102 220 2150 est
230 2089 331 2163 terris,
343 2101 445 2151 nostro
458 2089 512 2149 sul)
526 2102 663 2169 tempore
675 2089 787 2172 fulges?

17 2182 75 2243 An
88 2182 180 2241 aliam
189 2194 322 2263 superest
333 2182 455 2264 posthae
466 2201 586 2262 sperare
597 2180 740 2243 salutem?
805 2206 808 2211 ·

17 2272 153 2335 'ratibus
162 2274 228 2337 brec
240 2271 376 2337 Christus
389 2264 475 2337 dictis
488 2275 627 2336 mandata
638 2274 771 2336 remittit.

22 2366 189 2430 caecomm
201 2367 331 2429 tenebre
343 2380 494 2429 mutantur
506 2367 619 2427 lumine
638 2366 729 2442 locis,

22 2461 245 2541 Debiliumquc
256 2462 354 2545 vigent
366 2462 484 2527 firmato
501 2461 611 2521 robore
630 2459 775 2522 membre.

23 2554 140 2617 turim
153 2554 307 2617 discutitur
318 2574 476 2635 squamoso
487 2572 615 2634 corpore
626 2551 727 2633 lepra,

25 2648 127 2713 Aeriae
140 2648 225 2711 vocis
232 2660 368 2729 penetrat
379 2648 480 2707 surdas
491 2666 579 2707 sonus
593 2664 686 2705 aures.

27 2740 178 2805 Redditur
190 2741 304 2802 amissee
316 2738 389 2799 lethi
402 2750 471 2818 post
480 2738 585 2798 lunera
597 2737 664 2798 vitre

27 2832 212 2918 Depositum
225 2845 363 2916 repetens
376 2831 483 2891 animae
495 2829 655 2891 substantia
668 2846 793 2907 corpus,

31 2924 275 3009 Pauperibosque
285 2922 343 2986 suis
352 2944 414 2985 nou
427 2924 581 3007 dedignata
594 2920 717 3002 patescit

30 3016 181 3105 Fulgentis
193 3020 352 3102 splendens
363 3018 503 3079 adventus
512 3015 608 3099 gloria
618 3011 722 3073 nostri.

32 3110 85 3177 llle
95 3114 200 3179 beatus
213 3113 288 3189 erit,
308 3130 398 3194 qoem
411 3129 474 3171 nou
485 3106 637 3190 deceperit
649 3122 743 3166 error.
