2046 3712
114 236 173 299 158
285 292 289 297 .
328 246 471 301 cntuntt
486 248 589 305 tta-m
604 248 772 309 nonnus

112 338 165 403 Sio
178 339 310 401 animam
323 339 426 403 infelix
437 362 507 403 eum
519 361 651 425 nemore
662 344 793 427 perdidit
860 346 869 367 ⁶

112 433 157 495 Ut
167 434 284 494 nullum
298 446 422 495 exstaret
434 434 533 497 forma
545 450 723 501 remanente
736 434 864 505 oadtm'

111 525 210 589 Ocior
223 528 293 588 inde
307 526 420 611 segor,
434 528 546 591 luctum
559 530 741 612 prohibente
752 532 852 611 timore

111 620 329 701 Horrificoque
343 620 423 682 malo
434 622 586 705 stupidus,
599 644 671 685 mox
683 624 839 709 ingreditur

148 714 229 776 Tum
240 714 285 776 sol
298 714 428 776 exoritur
441 728 504 776 toto
518 715 682 778 ferventior
695 718 781 801 igne,

105 809 222 870 Irarum
236 808 350 891 fulgore
364 808 494 883 micans,
509 808 667 891 radiosque
678 830 797 873 severos
864 852 868 871 .-

103 900 216 985 Dirigit
234 901 266 961 in
279 898 445 961 Sodomam
459 924 467 960 ε
482 901 532 980 qui
545 914 704 983 postquam
716 903 826 967 luntins

104 993 261 1057 Involvere
274 995 352 1068 suis,
366 993 553 1074 resolutaque
566 994 724 1077 sulphura,
738 1016 825 1059 nexos

105 1087 215 1151 Secum
228 1087 415 1169 praecipitant
428 1087 527 1170 ignes,
540 1086 680 1168 siccoque
691 1088 809 1171 liquore
837 1120 840 1127 ·

101 1181 281 1265 Dispensata
293 1181 354 1243 suis
365 1180 476 1241 stillant
488 1181 627 1242 incendia
639 1182 742 1258 taedis,

101 1273 278 1336 Fulmineus
291 1276 383 1336 denso
396 1294 530 1355 praeceps
542 1274 622 1335 eadit
632 1294 701 1335 aere
714 1275 846 1353 nimbus,

99 1366 286 1447 Involvitque
299 1368 406 1442 urbes,
420 1379 450 1426 et
462 1366 532 1427 totis
544 1368 626 1429 saevit
638 1368 671 1427 in
684 1368 779 1452 agris,

97 1460 146 1523 Ao
158 1461 251 1522 mixto
262 1461 388 1521 stridore
400 1461 510 1536 donat,
523 1460 675 1541 vincitque
687 1460 822 1540 querelas
878 1500 886 1537 :-

97 1553 254 1615 Flammea
264 1567 437 1635 tempestas‚
449 1575 514 1633 quae
526 1567 685 1635 postquam
698 1552 808 1635 pahula
818 1548 886 1617 terri

97 1644 248 1728 Repperit
260 1647 402 1722 incanus,
416 1646 547 1728 ipsisque
559 1646 669 1709 insedit
678 1648 777 1709 arenis
790 1670 800 1709 z
892 1672 907 1707 v

95 1736 193 1823 Erigit
207 1741 384 1800 immensam
397 1741 555 1820 conjuncto
570 1737 675 1801 fomite
690 1751 805 1802 metam

96 1829 194 1913 Ignis,
210 1844 239 1893 et
251 1852 268 1891 a
279 1830 365 1892 terris
377 1833 501 1891 redeunt
514 1831 545 1891 in
559 1831 656 1892 sidera
669 1831 817 1910 flammae,

95 1921 132 1982 ln
146 1924 260 1985 cineres
272 1925 367 1985 donec
379 1937 475 1985 cautes
487 1923 632 2004 tellusque
644 1926 791 1987 resultans

94 2015 255 2092 Transeat,
270 2037 304 2078 ae
317 2017 434 2098 penitus
447 2037 551 2076 mersae
564 2016 715 2079 solvantur
729 2040 848 2095 arenae,

93 2110 311 2192 Depressisque
325 2129 411 2171 cavos
421 2124 599 2191 consumpto
612 2113 723 2193 cespite
735 2114 850 2196 campis

94 2202 233 2264 Pandunt
245 2223 313 2263 arva
325 2204 405 2262 sinus
420 2203 561 2282 venisque
576 2203 685 2265 ellusus
696 2207 810 2286 apertis

95 2296 280 2359 Consooians
294 2296 370 2357 vires
384 2296 434 2375 qui
446 2309 538 2356 terras
549 2297 705 2358 strinxerat
718 2299 832 2360 humor

92 2388 246 2451 Privatum
258 2389 349 2471 gignit
363 2387 501 2471 pelagus,
512 2389 655 2467 quidnam
669 2411 731 2451 esse
747 2404 903 2471 putemus,

92 2482 186 2563 Quod
199 2483 309 2563 raptim
323 2482 402 2543 lacus
416 2494 475 2557 est,
491 2482 567 2541 mira
579 2483 688 2543 virtute
702 2485 854 2563 refertus,

79 2576 156 2657 ¹Qui
168 2577 223 2636 init
235 2589 301 2635 ante
315 2577 422 2659 rogus?
434 2575 477 2636 sic
488 2576 708 2656 omnipotentia
721 2580 839 2640 summi

88 2671 206 2732 Judieis
219 2670 250 2728 in
261 2667 370 2750 gelidas
383 2668 482 2749 ignem
494 2682 667 2729 convertere
682 2670 826 2754 lymphas
839 2716 851 2747 ,

87 2763 134 2825 Ao
147 2783 264 2824 rursum
277 2761 412 2845 lymphas
425 2761 579 2821 ardentem
594 2762 688 2841 possit
702 2763 849 2847 inignem
863 2788 873 2826 ε

88 2855 157 2917 Neo
169 2869 268 2915 tamen
281 2855 331 2915 hio
344 2853 460 2915 occulta
473 2866 575 2914 vacant
589 2855 750 2937 mysteria,
765 2877 839 2917 nam
852 2876 908 2938 qno

87 2947 187 3008 Undae
198 2948 248 3010 hio
257 2960 340 3020 sunt,
353 2943 533 3006 uhillamma
543 2946 615 3021 suit,
627 2949 709 3026 quod
718 2946 863 3013 flammea
872 2950 908 3011 mi

86 3039 226 3123 Desuper
240 3040 372 3102 exstinxit
386 3037 516 3121 lymphis
530 3061 537 3098 :
551 3040 674 3102 sortasse
686 3041 811 3103 notabat
