2046 3712
98 292 156 365 242
381 268 703 367 αιηιιιιιιιοι
755 256 761 265 ’
846 284 920 413 ctat

96 394 159 457 Sed
171 393 325 475 decuplata
334 414 425 474 snper
437 394 586 465 donentur
597 360 723 455 volnera
733 392 861 459 fratri.
908 388 920 452 1

137 490 168 549 N
171 510 219 549 am
231 488 298 549 coeli
311 507 435 570 regnum
445 487 562 547 domiui
573 488 741 567 praedivitis
751 488 846 551 ιιιιΙιι

97 581 266 644 Consimiie
280 593 340 656 est,
354 601 472 640 nummi
482 579 629 641 rationem
644 602 697 661 qur
687 582 771 643 srbt
783 604 852 665 pout
905 552 920 593 ’

95 674 242 750 Jusserit,
255 687 285 734 et
296 694 433 749 serrum
446 674 606 735 debentem
617 674 715 735 multa
724 670 920 755 talenta,

94 767 237 848 Praecipit
248 767 405 847 abreptum
418 787 487 827 cum
501 768 642 849 conjuge,
654 764 920 881 progenieque,''

93 866 193 944 Atque
207 865 315 944 opibus
328 863 441 924 cunctis
453 862 550 923 venali
563 862 690 925 nomine
700 864 779 926 sisti.
883 882 890 893 ·

93 957 174 1018 Tum
187 977 286 1017 servus
299 957 456 1016 dominum
470 968 618 1038 prostrato
631 977 769 1039 corpore
782 956 920 1037 adura,¹

94 1051 135 1113 Et
146 1052 290 1133 spondet,
303 1050 391 1131 spatii
403 1049 495 1110 sibi
472 1070 497 1109 st
509 1050 589 1110 foret
601 1042 664 1111 utta
674 1050 820 1129 saeuius,
884 1050 914 1079 “·

94 1143 232 1207 Omnem
245 1163 438 1204 nummorum
450 1143 575 1202 dontino
590 1142 758 1205 dissolvere
771 1154 912 1208 summ

96 1238 273 1302 Commorit
285 1237 442 1297 dominum
453 1234 557 1295 famuli
570 1235 728 1297 miseratio
739 1236 854 1313 flentis,

60 1371 67 1385 ι
94 1332 269 1409 Cunctaque
282 1343 363 1390 trans
374 1330 517 1390 meritum
528 1328 677 1390 concessit
689 1330 796 1393 debita
806 1350 893 1395 scm

91 1425 148 1485 tlte
159 1426 211 1485 sed
225 1423 378 1506 egrediens
391 1440 567 1484 conservum
580 1419 710 1483 limine'
700 1444 735 1483 ιιι
748 1425 872 1516 ipsu

91 1517 206 1579 Nactus
219 1516 411 1599 constringit:
426 1528 491 1575 tum
503 1515 603 1575 debita
613 1514 727 1577 fortior
738 1528 827 1603 urget

89 1609 244 1684 Persolvi,
256 1609 454 1690 precibusque
465 1608 567 1670 locum
575 1610 766 1671 truculentus
777 1608 884 1695 abegit,

93 1703 231 1765 Carceris
242 1715 271 1763 et
279 1722 414 1763 mersum
425 1701 575 1778 tenentis,
586 1702 748 1783 poeniaque
760 1702 914 1785 premebat.

1 1868 2 1873 ἵ
88 1796 168 1874 Quae
181 1808 338 1876 postquam
351 1794 491 1855 dominus
503 1793 686 1855 famulorum
698 1815 827 1859 noscere
837 1794 920 1859 verbis

90 1889 216 1970 incipit,
230 1890 356 1948 adducto
369 1888 487 1970 ingessit
498 1888 656 1968 justissima
670 1909 760 1949 servo

88 1981 180 2044 Dicta
195 1982 315 2056 dolenS,
330 1982 464 2060 iramque
479 1980 594 2056 mo'vet,
607 1982 754 2063 jussisque
767 1982 874 2061 severis

89 2076 125 2135 ln
138 2088 286 2137 tormenta
299 2075 396 2134 serum
410 2076 547 2148 detrusit,
561 2086 666 2137 cuncta
679 2076 837 2138 revolvens

86 2169 219 2242 Debita,
241 2169 312 2227 dum
326 2168 423 2250 dignis
434 2168 528 2228 lueret
539 2189 595 2248 per
606 2168 724 2229 vincula
736 2171 843 2250 poenis.

91 2262 142 2323 Sic
156 2262 240 2322 vobis
253 2262 339 2322 saciet
351 2261 488 2343 genitur,
502 2262 552 2340 qui
564 2261 695 2321 culmina
708 2261 777 2322 coeli

89 2356 242 2428 Possidet,
256 2354 388 2413 immites
399 2373 474 2413 saevo
488 2355 512 2413 si
526 2366 646 2433 pectore
658 2352 789 2415 fratrum

89 2448 215 2511 Peccata
227 2461 363 2507 orantum
376 2449 449 2507 dure
463 2447 569 2526 punire
581 2446 696 2506 voletis.

129 2542 216 2602 Talia
230 2543 307 2602 dicta
321 2540 416 2613 dedit,
432 2538 625 2619 Galilaeiaque
638 2558 706 2599 arva
720 2539 861 2619 reliquit:

87 2637 285 2713 Judaeamque
298 2636 388 2713 petit,
403 2651 460 2710 qua
473 2632 593 2714 pinguia
605 2652 673 2691 rura
686 2631 812 2693 silenter

87 2729 216 2812 Agmine
229 2727 251 2786 J
255 2725 373 2786 ordanis
384 2725 487 2784 viridis
500 2725 666 2804 perrumpit
680 2745 813 2787 amoeno.

88 2823 155 2885 Nec
167 2823 264 2881 minus
276 2820 308 2878 in
321 2818 417 2877 stratis
427 2839 519 2898 aegros
532 2820 643 2878 donare
656 2817 767 2891 salute,

85 2916 287 2993 sublimisque
300 2910 390 2992 patris
403 2912 567 2970 concedere
582 2929 706 2969 munera
718 2921 839 2990 perstat.

87 3009 168 3069 Ecce
183 3005 324 3066 Pharisaei
337 3015 482 3063 tentantes
496 3023 628 3081 quaerere
642 3016 787 3085 pergunt,

89 3100 232 3183 Conjugis
242 3119 280 3159 an
291 3097 377 3158 liceat
391 3097 536 3177 rejectum
547 3096 682 3163 scindere
693 3096 843 3172 vinclum,
