2018 3714
37 260 142 323 MSS·
210 269 450 323 communem
469 269 621 321 ensesue
637 270 695 321 uu.
713 272 747 323 11.
855 282 912 342 ιη

39 363 170 429 lissima
182 362 244 424 vita
254 361 413 421 hominum
422 359 514 420 lustra
529 362 567 420 ael
580 363 716 422 duodena
729 365 845 425 reducta
859 378 912 425 est.

69 458 220 537 Namque
233 452 433 536 Cainigenum
444 475 512 515 eum
521 475 552 514 se
566 455 724 535 conjuncta
737 457 871 536 profanis

34 548 216 614 Damnasset
228 546 383 607 Thalamis
395 547 427 606 in
442 548 527 627 pejus
537 558 635 627 pru'ua
646 550 797 627 juventus3

33 642 66 707 ln
77 645 202 707 varium
212 641 346 715 sueinus,
358 660 500 720 superum
512 641 628 701 deserta
642 641 762 717 favore,

36 736 174 810 Prosilit,
190 737 283 813 inque
292 752 399 793 omues
409 733 500 794 currit
514 734 672 793 temeraria
685 733 791 814 lapsus.

33 830 112 893 Tum
122 828 213 890 Deus
226 847 329 888 averso
342 838 403 886 tam
416 825 510 885 multa
521 827 561 885 oh
576 827 704 888 crimina
717 829 832 888 mundo

29 922 209 987 Confestim
220 921 372 994 infensus,
384 939 472 978 voces
485 920 616 1000 erumpit
630 921 661 980 in
674 921 743 980 istas
762 944 770 979 :

27 1014 237 1095 Nequaquam
250 1024 319 1093 pust
331 1011 393 1074 haec
406 1011 535 1071 humana
547 1012 675 1093 ingente
690 1014 823 1074 mambit

31 1108 168 1189 Spiritus
181 1106 235 1166 ille
245 1125 350 1178 meus,
364 1105 454 1165 vitam
467 1124 523 1164 nec
536 1105 669 1185 proferet
683 1105 776 1165 ultra:

33 1200 150 1263 Vivere
164 1200 300 1259 bissenos
310 1197 407 1258 decies
421 1210 559 1258 contentu
571 1218 627 1277 per
640 1217 734 1256 anuos

32 1293 107 1355 Vita
120 1312 235 1353 nocens
246 1290 405 1350 hominum
417 1313 424 1348 ε
437 1290 579 1368 quoniam
592 1305 711 1349 terrena
722 1290 813 1349 secuti

10 1414 13 1419 ·
32 1384 108 1447 Plus
120 1385 222 1447 carnis
233 1402 323 1462 quam
335 1383 445 1442 mentis
456 1382 585 1458 habent,
599 1383 642 1445 sic
654 1403 724 1465 ergo
740 1401 841 1443 severa

28 1476 111 1541 AEvi
125 1478 279 1539 constituit
291 1489 408 1556 tempus
418 1477 562 1537 sententia
573 1490 688 1537 certum

32 1571 57 1630 J
60 1571 156 1633 utieis
168 1570 304 1643 immoti,
318 1569 413 1650 iongae
426 1589 464 1628 ne
476 1581 612 1651 tempora
625 1571 691 1631 vitue

36 1658 188 1725 Criminis
200 1662 324 1743 augendi
338 1681 456 1721 eausam
468 1674 605 1742 praestare
619 1664 759 1724 valerent.

32 1755 160 1838 Flagirii
171 1754 242 1834 quid
256 1754 337 1815 euim
350 1755 410 1834 jam
422 1775 484 1813 non
498 1757 617 1816 auderet
632 1758 727 1838 iniqui

31 1848 136 1930 Impia
149 1869 221 1931 gens
232 1847 411 1907 hominum?
426 1868 494 1907 nam
508 1870 613 1932 magna
626 1849 707 1909 mole
722 1848 864 1931 Gigantes

31 1941 176 2004 Monstra
187 1942 337 2000 horrenda
350 1941 525 2015 huminum,
540 1944 622 2000 vario
636 1944 799 2002 desemine
813 1945 872 2002 nati
880 1987 889 2018 ,

31 2032 89 2096 Nil
101 2055 166 2094 nou
179 2034 327 2093 audebant
339 2056 345 2090 z
360 2033 426 2112 quis
438 2055 496 2093 una
508 2048 538 2094 et
551 2037 678 2093 maxima
690 2036 800 2107 virtus,

30 2127 106 2188 Non
120 2126 237 2187 ferend
250 2138 414 2185 extremum
426 2146 553 2205 pravos,
566 2148 640 2205 quos
655 2128 719 2186 dira
730 2127 824 2186 libido

34 2219 162 2282 Crimen
175 2219 206 2279 in
221 2219 453 2289 omnetrahens,
469 2220 564 2278 nullas
572 2221 636 2279 sine
645 2221 784 2301 sanguiue
794 2233 908 2295 noctes,

33 2312 92 2373 Aut
101 2314 170 2373 siue
181 2311 262 2373 eaede
274 2312 336 2370 dies
347 2331 479 2390 unquam
491 2314 610 2373 ductare
624 2315 739 2373 sinebat
751 2337 758 2371 ε

34 2404 237 2467 immemores
252 2402 324 2485 juris
337 2404 447 2478 divini,
459 2404 692 2484 hominumque,
706 2406 826 2485 suique,

39 2498 232 2576 Affectusque
245 2496 308 2576 pii,
321 2508 524 2574 matrumque,
539 2513 714 2578 patrumque
728 2519 868 2572 suorum,

35 2591 235 2670 Auctorisque
246 2590 308 2650 Dei
322 2612 329 2648 :
342 2602 514 2667 tantumque
527 2592 557 2650 in
571 2593 698 2651 crimina
708 2610 824 2651 summa

36 2680 626 2755 Processumes1‚hominesnominumu
634 2681 909 2762 formassepigetet,

35 2774 81 2835 Ut
91 2794 235 2857 perversa
249 2775 338 2834 etiam
349 2772 435 2832 Deus
445 2774 484 2833 ob
498 2790 618 2855 peccata
631 2789 790 2836 nocentum
803 2817 815 2848 ,

31 2865 181 2930 Criminis
195 2879 329 2947 expertes
341 2865 455 2925 animes
469 2868 646 2929 convolvere
661 2867 767 2940 vellet,

33 2960 136 3042 Atque
147 2960 311 3041 superfusis
322 2971 414 3018 terras
424 2959 602 3042 immergere
616 2960 763 3043 lymphis,

34 3050 150 3119 Rursus
161 3055 195 3115 in
209 3052 361 3134 antiquam
373 3053 486 3113 mundo
498 3055 638 3115 redeunte
650 3053 784 3135 figuram.
