2018 3714
134 234 192 299 ιδ,
348 240 491 294 caenon
508 239 608 293 utun
635 237 808 297 vtcronts
908 236 996 311 utet

133 339 277 401 Addictos
289 356 406 397 rursum
421 334 642 395 vitaesententia
656 335 755 394 reddit
770 322 778 395 i

134 428 271 510 Quantus
283 431 316 488 in
329 428 501 509 ambiguum
515 426 602 486 sunus
612 447 680 487 cnm
693 428 755 487 vita
768 430 902 491 recurrit

131 525 215 586 luter
225 523 377 605 lugentum
389 521 534 602 lacrymas
548 532 577 579 et
588 519 694 602 gaudia
707 518 808 581 (letus.
909 580 917 587 ,

174 617 370 693 Posteaquam
384 633 502 672 rursum
512 611 689 692 speculatrix
701 631 773 673 arva
786 629 896 695 patere

132 711 275 782 Nuntiat,
289 709 346 768 hoc
361 707 427 787 ipso
439 706 527 765 terris
540 707 619 782 quod
630 705 720 765 missa
733 710 871 789 receptis

131 803 206 863 Non
221 802 308 862 rediit
318 800 427 875 ,taedet
443 798 541 879 pigras
553 798 686 878 perferre
697 798 854 877 latebras,

133 896 174 959 Et
187 900 266 977 juvat
277 894 317 953 ad
331 892 398 954 coeli
411 903 514 951 ventos
526 891 639 971 spirare
652 892 800 972 patentis,

131 990 229 1067 Atque
241 986 372 1047 animam
386 984 513 1043 aethereo
527 982 651 1045 laxatam
664 1004 789 1065 pascere
804 1008 923 1051 seusu:

128 1082 194 1145 Sed
208 1080 282 1141 nulli
295 1079 421 1140 claustro
435 1077 477 1135 sas
490 1089 533 1135 est
545 1077 624 1137 exire
634 1078 771 1157 patenti,

130 1175 241 1238 Donec
254 1170 404 1251 relliquias
416 1168 486 1230 illuc
499 1169 550 1247 qui
560 1170 684 1250 jusserat
696 1168 783 1231 orbis

130 1267 303 1351 Ingrediar,
317 1264 417 1344 jubeat
427 1262 518 1323 sacris
531 1263 671 1323 excedere
685 1261 834 1325 claustris.

134 1359 259 1422 Coelitus
273 1357 458 1417 admonitum
472 1356 531 1415 lida
544 1377 612 1417 cum
628 1358 753 1439 conjuge
768 1356 866 1433 Noe,
924 1356 929 1363 ’
976 1422 983 1437 ,

130 1452 270 1531 Cumque
284 1451 392 1522 domo,
407 1462 435 1509 et
448 1450 526 1510 natis
535 1449 648 1530 pariter
659 1492 668 1523 ,
678 1450 870 1530 nuribusque
884 1452 996 1535 padi&

130 1541 173 1606 Et‘
184 1564 261 1604 nova
274 1542 405 1602 deductis
418 1542 527 1602 iterum
540 1543 610 1603 dare
624 1562 692 1602 rura
705 1542 845 1617 colonis,

96 1632 103 1649 ⁸
133 1634 306 1712 Cunctaque
317 1632 462 1693 succiduae
474 1646 587 1694 serrata
598 1634 761 1693 animantia
771 1635 879 1713 proli,

128 1724 332 1806 Jam'captiva
345 1724 395 1784 diu
406 1725 538 1785 claustris
553 1725 689 1785 emittere
701 1725 830 1806 apertis,

132 1820 211 1898 Quae
223 1819 320 1878 bonus
330 1816 475 1877 humanos
490 1816 590 1898 opifex
602 1831 730 1878 servarat
742 1818 772 1877 in
787 1840 869 1881 usus.
918 1810 923 1815 ¹

132 1910 210 1991 Quae
223 1922 378 1991 postquam
391 1908 457 1967 data
470 1922 574 1987 porta,
590 1922 678 1969 ruunt
692 1930 780 1990 :pars
794 1932 866 1972 aera
884 1915 1002 1995 pennis,

133 2003 206 2064 Pars
219 2002 326 2071 saltus,
340 2001 483 2080 silvasque
497 2014 618 2079 petunt:
631 2022 701 2081 pars
715 2023 813 2063 mersa
827 2008 963 2069 cavernis

133 2097 281 2157 losoditur
289 2094 397 2174 patulis
408 2117 416 2152 t
429 2106 515 2153 terrae
526 2114 594 2174 pars
605 2094 698 2154 libera
711 2097 825 2176 campis

133 2188 265 2249 Exsultat
276 2186 379 2259 siccis,
395 2197 424 2244 et
436 2197 523 2264 prato
536 2199 637 2246 vernat
647 2199 761 2266 aperto.

174 2282 214 2342 At
228 2299 297 2340 vero
312 2278 414 2337 mundi
428 2280 547 2339 sortitus
558 2299 647 2362 regua
660 2280 781 2341 mcundi

134 2374 250 2438 Cuncta
263 2371 355 2432 oeulis
369 2369 400 2429 N
403 2390 439 2430 oe
454 2369 595 2445 lustrans,
611 2393 645 2435 ac
659 2385 758 2437 mente
773 2377 880 2454 capaci

132 2466 308 2545 Accipiam,
323 2463 515 2542 animumque
528 2465 629 2526 rolens
642 2479 774 2527 saturare
788 2467 956 2547 replendo,

135 2558 250 2622 Cuncta
262 2556 376 2630 haurit,
387 2556 493 2636 rapido
507 2558 687 2637 perlustrans
700 2560 804 2620 omnia
815 2562 903 2641 visu,

132 2650 179 2712 Ut
190 2669 268 2710 nova
279 2648 402 2708 miratur
415 2671 421 2706 :
435 2662 507 2709 noto
521 2650 678 2734 fulgentior
690 2664 774 2726 ortu,

132 2744 173 2805 Et
186 2763 269 2824 mage
280 2740 325 2800 sol
336 2740 438 2801 rutilus
453 2742 545 2803 ridet:
560 2746 672 2825 majore
684 2743 790 2804 se'reno
808 2752 813 2759 '

133 2837 214 2897 Laeta
227 2834 289 2916 poli
303 2833 410 2907 facies,
426 2849 454 2894 et
466 2836 620 2917 desperata
634 2837 781 2897 virescunt

133 2929 257 2999 Fetibus
269 2946 337 2986 arva
351 2926 436 2986 novis
449 2951 456 2986 :
470 2929 522 2988 sed
533 2931 627 2990 adhuc
641 2941 772 2990 versatur
784 2930 887 3014 imago

132 3021 211 3083 Ante
222 3018 340 3094 oculos,
355 3031 440 3081 tautae
451 3040 571 3102 semper
582 3024 774 3085 memoranda
787 3025 892 3088 ruina.
