2018 3714
15 276 577 349 u556.coumn1rr.munursm
590 290 655 345 nn
670 292 718 345 m.
832 280 890 345 153

16 384 60 447 Er
70 398 104 447 tu
114 406 181 447 non
195 384 327 461 Abram,
340 386 393 445 sed
402 385 526 445 nomine
539 385 648 446 clarior
658 399 744 448 aneto

14 478 165 540 Venturae
176 477 329 539 Abrabam
341 478 471 559 postbaee
482 478 652 539 vocitabere
662 478 743 562 genti

13 570 116 652 Quod
128 590 289 633 commune
301 570 369 630 ideo
381 570 499 630 tibimet
509 592 578 632 cum
589 574 713 653 conjuge
725 590 794 635 vera
806 584 869 649 est,

15 663 168 725 l'romiooi
179 664 324 743 qnoniam
336 669 351 742 (
361 663 437 723 nihil
450 677 536 725 estre
549 666 657 727 certios
669 665 724 725 ista
735 668 766 743 )'

15 754 125 817 Mater
132 758 189 817 erit
198 758 334 839 generis,
346 768 434 835 teque
445 776 556 817 annum
567 756 630 817 sole
642 777 780 820 remenso

13 850 97 913 Esse
107 863 222 933 patrem
234 848 339 925 leniet,
351 851 484 928 quamvis
497 851 621 912 ridenda
632 852 742 931 putetis

12 942 150 1005 Virtutis
161 944 308 1025 promisse
318 964 395 1004 meae
407 967 413 1003 :
427 964 484 1006 nec
494 958 590 1005 vestra
601 956 736 1008 senectus

15 1038 190 1119 impediet,
204 1037 278 1117 quin
289 1037 383 1098 divini
394 1039 538 1098 sententia
550 1038 622 1119 juris

16 1128 171 1193 AEternoe
179 1150 300 1212 temper
309 1144 428 1191 maneat
440 1131 568 1192 stabilita
580 1151 636 1212 per
647 1150 752 1192 annos.

18 1222 86 1286 sed
96 1236 195 1287 lamen
205 1224 356 1307 ignoscam
369 1225 484 1300 dubiis,
498 1244 653 1304 pueroque
666 1225 766 1285 luturo
836 1222 842 1237 '

16 1320 183 1401 imponam
194 1338 325 1393 nomen,
337 1319 418 1397 quod
432 1318 552 1399 eulpam
561 1318 638 1380 banc
649 1330 769 1401 arguat,
785 1314 870 1379 luae:

17 1410 86 1493 Qui
98 1412 193 1473 nostri
206 1410 328 1472 indubie
340 1423 455 1472 servato
469 1411 580 1471 loedere
594 1411 672 1490 pacti

15 1504 129 1566 Haereo
140 1514 238 1567 certus
250 1504 324 1578 erit,
338 1516 443 1565 cuneta
456 1524 524 1565 cum
535 1504 629 1585 stirpe
641 1522 773 1565 suornm.

15 1594 91 1660 Nee
100 1610 203 1658 temen
216 1596 340 1672 ismael,
352 1594 433 1679 Agar
443 1597 479 1657 de
490 1597 605 1657 semine
617 1610 717 1672 natus,
844 1664 849 1669 ,

17 1687 137 1771 Expers
148 1690 227 1750 dotis
238 1690 295 1751 erit
307 1712 315 1748 ε
326 1703 429 1750 nostro
441 1711 512 1751 nam
524 1711 649 1751 munere
661 1690 750 1751 fultus

17 1779 122 1844 Miltia
134 1783 226 1844 multa
238 1784 337 1844 virum
349 1783 386 1843 de
399 1796 563 1845 serentum
575 1797 749 1865 potentum,

15 1874 153 1943 Biesenis
166 1878 278 1957 pariter
286 1876 410 1938 ducibus
424 1878 571 1960 regnaudo
583 1877 704 1938 creabit.

57 1969 164 2031 Dixit:
176 1970 267 2031 atille
280 1970 382 2031 aridus
395 1984 515 2051 paetum
537 1969 704 2032 accelerare
717 1969 888 2051 receptum,

13 2066 89 2127 Jarn
101 2078 222 2127 uentum
234 2065 354 2147 poliens
365 2085 458 2125 anuos
469 2066 530 2145 jam
544 2065 656 2144 pubere
668 2073 755 2138 nato,

16 2156 58 2221 Se
70 2159 205 2240 primum
216 2171 395 2240 gratumque
406 2179 509 2232 suum,
520 2170 699 2238 cunctosque
711 2155 834 2217 clientes

18 2250 66 2313 Ao
75 2250 204 2313 famulos
217 2272 339 2326 omnes,
352 2271 411 2329 quo
423 2253 534 2332 jussum
546 2263 607 2325 est,
621 2251 755 2333 stigmate
768 2249 878 2332 signat,

18 2340 60 2403 Et
64 2343 214 2426 populum
224 2344 294 2406 lacit
304 2364 367 2405 esse
379 2364 509 2418 norom,
523 2343 698 2423 fontemque
707 2342 848 2424 piorum,

19 2432 90 2497 Una
100 2438 268 2517 eademque
278 2437 344 2511 via,
355 2448 434 2497 tanta
446 2437 636 2514 estanneio,
650 2437 746 2519 legem

13 2528 198 2612 Accipient,
214 2530 392 2611 explensque
405 2520 506 2592 tidem.
520 2527 606 2610 Quid
617 2551 678 2591 non
693 2541 787 2590 meret
797 2548 868 2611 ergo

13 2621 95 2684 'fam
107 2642 237 2705 praesens
247 2622 389 2702 veloxque
399 2623 494 2684 fides?
505 2642 576 2685 nam
586 2643 646 2683 non
658 2623 750 2682 timor
763 2621 856 2696 istud,

15 2712 78 2777 Sed
87 2716 223 2777 sincerus
231 2736 333 2791 amor,
347 2715 510 2796 famulique
522 2716 660 2797 probatio
673 2714 741 2794 justi
754 2724 798 2772 est

16 2806 188 2889 Quodlibet
199 2809 361 2890 imperium
373 2808 490 2890 placida
502 2809 545 2871 sic
553 2821 654 2869 mente
665 2805 773 2867 subire.

15 2898 108 2965 Unde
120 2902 227 2964 Deum
237 2902 294 2962 sibi
307 2903 474 2983 promeruit
487 2926 495 2962 ε
509 2922 619 2981 nempe
633 2912 719 2965 antee
732 2908 847 2958 tantum
952 2930 957 2935 -

18 2994 256 3071 babtismum,
271 2996 411 3055 meritum
425 3007 493 3076 post
503 2994 562 3054 tale
576 2991 704 3052 ministri

16 3084 87 3155 tau
96 3088 212 3177 petitor
223 3088 325 3156 cernit
339 3108 465 3171 cumque
477 3086 639 3171 indignatio
650 3087 725 3169 justa
