2046 3712
74 439 197 508 nott.
351 447 710 503 oooscutuu.
911 439 970 525 49¹

73 547 175 608 Terra
186 542 304 618 tremit,
317 541 418 624 lugere
431 541 519 616 ferae,
533 553 562 602 et
576 541 717 601 mortalia
728 543 837 615 corda3

77 638 241 722 Pergentes
253 633 374 696 humilis
384 634 486 696 stravit
498 654 593 716 pavor
606 657 613 692 ε
628 634 698 696 inde
709 649 836 717 repente

77 731 143 796 Dat
154 731 241 794 tellus
251 729 416 814 gemitum,
429 740 459 789 et
473 727 582 789 eoelum
596 740 679 789 tonat
693 748 785 791 omne
799 729 930 814 fragore.

257 892 404 933 cunrsron
420 891 602 933 nnscnrrmssn
619 892 654 930 no
672 886 801 934 munos

122 1005 284 1089 Extemplo
298 1006 424 1069 comites
436 1006 526 1067 Erebi
537 1006 574 1067 de
586 1006 705 1067 sedibus
716 1005 788 1067 imis

80 1098 209 1163 Umbrae
221 1100 304 1162 ibant
316 1113 420 1162 tenues
432 1123 440 1159 ε
452 1098 540 1160 tellus
553 1118 672 1179 quoque
686 1112 716 1159 et
726 1118 848 1178 aequora
856 1097 944 1180 ponti

79 1191 172 1277 Signa
181 1193 310 1268 dabant,
323 1193 428 1255 sistunt
440 1213 562 1266 amnes,
574 1205 721 1271 terretque
735 1191 901 1258 dehiseunt.

80 1285 169 1366 Quin
181 1287 253 1367 ipsae
265 1298 405 1364 stupuere
416 1286 542 1359 domus,
557 1297 644 1365 atque
657 1284 764 1344 intima
776 1280 850 1344 lethi

75 1375 223 1454 Tartara,
237 1378 425 1439 etumbrosae
435 1379 554 1459 penitus
567 1391 690 1458 patuere
703 1396 850 1439 cavernae.

79 1472 139 1534 Sol
149 1491 268 1552 quoque
281 1484 311 1532 et
322 1472 457 1533 exoriens
469 1476 483 1550 (
496 1471 595 1533 cuncti
607 1491 639 1531 se
652 1470 729 1532 scire
742 1471 873 1531 fatentur
886 1474 900 1549 )

76 1564 170 1629 Tunc
183 1577 272 1648 caput
283 1566 410 1627 obscura
421 1563 552 1626 nitidum
567 1563 717 1647 ferrugine
729 1564 811 1625 texit.

239 1727 389 1770 nnmerum
405 1707 512 1771 rnnrrt
526 1730 575 1770 nm
592 1731 813 1772 nnsunarxrssn.

126 1837 255 1921 flosque
266 1841 346 1902 inter
358 1854 477 1919 motus,
491 1844 592 1904 media
605 1843 683 1904 inter
694 1843 765 1905 talia
777 1844 871 1905 verba

79 1932 190 1997 Tertia
203 1934 250 1995 lux
259 1933 389 2016 gelidam
403 1934 479 1994 coelo
491 1936 659 1993 dimoverat
671 1935 824 1996 umbram.

81 2029 221 2108 Jamque
233 2029 345 2109 pedem
357 2025 490 2087 referens
502 2043 624 2104 superas
638 2026 777 2087 veniebat
789 2031 828 2088 ad
843 2049 945 2111 auras,

85 2121 172 2186 Cum
185 2120 284 2181 subito
296 2133 365 2183 ante
380 2117 485 2181 oculos
497 2116 610 2200 ingenti
622 2116 703 2178 mole
717 2119 904 2199 sepulerum,

84 2212 210 2296 Corpus
221 2213 273 2274 uhi
286 2213 457 2275 exanimum
470 2212 604 2292 positum
615 2230 672 2272 nec
685 2210 832 2290 claustra,
848 2234 903 2278 nec
916 2215 975 2297 ipsi

86 2306 243 2370 Custodes¹
252 2307 378 2367 sollerte
390 2305 504 2382 valent,
519 2304 677 2383 avulsaque
687 2304 762 2365 saxis

84 2400 166 2465 Saxa
176 2401 296 2476 vident,
310 2398 382 2460 laxis
394 2399 522 2460 laterum
535 2397 729 2480 compagibus
741 2399 839 2462 arcti-s.

83 2495 142 2559 Fit
154 2514 264 2570 sonus,
278 2493 391 2576 ingenti
403 2511 545 2555 concussa
557 2504 601 2552 est
612 2491 747 2573 pondere
759 2491 866 2568 tellus,

87 2588 215 2651 Horror
227 2587 339 2667 ubique
351 2585 487 2661 animos,
498 2583 589 2651 simul
602 2584 668 2666 ipsa
680 2583 798 2646 silentia
808 2598 929 2649 terrent.

143 2747 264 2790 rotimus
279 2745 391 2787 cunutus
408 2745 577 2786 trasnotssn
594 2720 741 2787 cunrsrosr
756 2746 916 2787 nrsurrutrst

133 2869 216 2934 Ecce
227 2881 327 2931 autem
340 2867 434 2950 primi
446 2868 602 2930 volucrum
616 2867 670 2928 sub
682 2864 814 2927 culmine
825 2879 946 2946 cantus,

90 2962 280 3049 Ingreditur,
294 2960 433 3041 linquens
446 2973 583 3032 antrum,
596 2957 760 3039 spoliisque
773 2961 919 3039 superbus

92 3058 161 3121 that
174 3073 288 3129 ovans,
301 3052 448 3135 pulsuque
460 3052 572 3134 pedum
586 3049 689 3112 tremit
701 3050 795 3113 excita
805 3051 909 3130 tellus,

93 3149 289 3227 Vulneraque
299 3144 351 3211 illa
361 3166 469 3230 gerens
481 3143 597 3205 foribus
606 3163 672 3206 sese
685 3142 793 3226 ingerit
803 3146 901 3209 arctis.

95 3243 195 3326 Atque
204 3239 276 3306 ltino
289 3240 442 3323 ingentem
453 3235 600 3311 comitum
610 3233 757 3301 affluxisse
768 3255 918 3302 novorum
