2046 3712
91 267 129 331 16
312 320 314 327 s
384 277 667 335 'statuuntur
851 290 880 331 v.
896 269 962 361 16].

86 372 189 436 Affirit
201 371 305 453 ligno,
317 372 368 434 rei
401 394 486 435 num
499 375 633 434 immane
645 383 804 450 tropaeum.

86 457 125 517 ln
139 456 221 536 eujus
232 454 348 535 signum
399 476 464 517 oses
476 456 669 537 suspenderat
678 472 829 536 anguem,

87 547 130 609 Et
142 559 286 627 quotquot
299 547 415 625 fuerant
428 548 532 615 multis
545 545 734 629 serpentibus
745 546 818 623 icti,

88 641 267 723 Aspicerent
278 640 376 722 ipsum
388 641 491 704 fictum
505 639 840 720 fixumquedraoouem.

89 731 163 795 Post
175 733 227 794 nbi
239 745 365 795 secretas
376 733 488 797 inserui
500 734 582 796 venit
593 734 631 795 ad
645 733 754 803 undam
769 786 773 793 .
801 788 804 793 .
914 766 918 771 -

87 825 189 906 Atque
201 844 288 886 suurn
303 824 398 887 victor
410 825 560 907 captivum
572 825 640 887 luce
653 824 783 901 retexit,
873 874 878 881 .

88 917 207 981 Astanti
216 918 387 1000 jussumque
398 917 492 998 patris
500 919 609 981 uirtute
621 917 761 999 peregit,
854 962 856 967 ,
903 938 910 953 1
963 934 968 945 ·

91 1008 208 1094 Sponte
221 1030 307 1072 suum
321 1029 429 1091 eorpus
439 1011 519 1090 quod
532 1009 670 1089 liquerat,
684 1009 753 1089 ipse
761 1000 889 1090 recepit.

93 1101 190 1166 Causa
203 1102 267 1164 haec
284 1102 390 1163 mortis
402 1114 485 1177 erat,
499 1102 604 1164 eadem
616 1101 666 1162 via
681 1100 758 1163 iacta
769 1100 896 1177 solutius
930 1150 936 1157 .
967 1150 971 1157 .

90 1194 230 1259 Nuncins
242 1193 294 1256 ille
307 1194 369 1255 doli
378 1238 393 1271 ,
402 1196 454 1275 sed
468 1195 549 1277 pacis
562 1194 689 1257 nuncius
700 1194 775 1265 istos

92 1285 211 1370 Sponsa
220 1288 318 1348 virum
332 1288 432 1362 necuit
441 1287 563 1370 ,genuit
574 1288 626 1349 sed
639 1307 752 1368 sponsa
760 1284 897 1353 leonem.
935 1289 941 1343 “.

92 1379 189 1464 Virgo
201 1380 268 1440 viro
282 1380 402 1454 nocuit,
416 1380 467 1440 sed
478 1380 525 1440 vir
537 1380 575 1441 de
587 1379 702 1461 virgine
713 1377 797 1441 mat
836 1428 839 1433 .

94 1472 188 1555 Cujus
202 1474 233 1533 in
245 1472 415 1552 exemplum
426 1472 524 1555 sopito
538 1492 667 1553 corpore
677 1490 807 1547 somno,

96 1565 232 1627 Sumitur
243 1563 380 1625 exlatere
393 1564 519 1641 mulier,
532 1587 598 1644 quae
610 1577 691 1628 costa
703 1563 834 1637 usaritiq.

96 1656 200 1738 Quam
213 1678 333 1720 carnem
347 1659 387 1738 dc¹
398 1676 569 1734 carnesua,
584 1657 810 1743 nemausenses
821 1675 913 1736 ossa,
937 1660 943 1669 ’

94 1750 248 1834 Evigilans
261 1750 350 1826 dixit,
363 1771 493 1833 praesaga
507 1763 607 1813 mente
620 1750 744 1813 locutos
921 1818 925 1825 ,

95 1842 179 1904 Mira
191 1843 283 1918 fides,
297 1845 406 1903 merito
422 1840 531 1903 Paulus
544 1843 725 1905 certissimus
735 1853 841 1905 auctor
895 1900 898 1905 .

99 1933 253 1996 Christum
265 1935 303 1995 de
317 1934 398 1996 coelis
411 1934 509 2013 qldam
522 1936 609 1996 docet
623 1954 685 1994 esse
698 1936 875 1998 secundnm.

96 2027 217 2090 Veritas
229 2029 293 2109 ipsa
305 2028 365 2090 suis
377 2027 520 2108 exemplis
531 2046 584 2088 usa
594 2026 737 2109 refulget,

97 2121 167 2184 Nec
180 2122 262 2203 cupit
274 2142 309 2184 ex
320 2120 418 2181 alieno
431 2140 518 2183 acres
526 2121 683 2190 ostendere
694 2138 828 2200 gressum

99 2214 246 2295 Pauperis
259 2215 316 2274 hoc
329 2234 405 2293 opus
415 2226 480 2288 est,
496 2213 630 2295 propriae
642 2211 760 2273 virtutis
771 2206 869 2292 egeni·

100 2307 178 2369 Haec
188 2303 298 2368 Paulus
310 2307 410 2366 docuit
422 2303 699 2388 magnus‘rnysteria
712 2305 799 2363 docta
812 2344 822 2376 ‚

102 2399 224 2462 Scilicet
233 2398 264 2457 in
277 2394 397 2458 Christo
409 2419 471 2458 esse
479 2400 585 2472 decus,
597 2410 681 2457 tuum
690 2393 963 2457 Ecclesiacerueut

101 2492 203 2577 Hujus
216 2490 253 2550 de
266 2488 369 2564 latere,
384 2489 464 2572 ligno
477 2489 634 2570 pendentis
646 2488 678 2548 io
689 2487 750 2547 alto

104 2582 253 2665 Corporis
266 2581 392 2644 exanimi
405 2582 522 2665 sanguis
535 2580 665 2642 manavit
678 2592 707 2640 et
718 2579 837 2640 humor.

101 2676 232 2736 Femina
245 2674 359 2756 sanguis
372 2688 453 2749 erat,
469 2694 552 2754 aquae
565 2685 648 2735 erant
661 2692 738 2733 nova
749 2674 829 2733 dona
840 2670 954 2734 lavacri
960 2680 977 2749 ‚'

104 2768 182 2832 Hac
194 2766 299 2854 populi
313 2784 383 2826 vera
396 2780 440 2828 est
449 2766 575 2830 viventis
587 2763 723 2828 Ecclesia
737 2777 854 2839 mater,
971 2840 977 2849 ἱ

103 2860 155 2921 De
171 2858 282 2922 Christi
295 2878 374 2919 nova
387 2879 474 2920 carne
488 2878 577 2933 caro,
591 2859 687 2937 deque
702 2858 819 2918 ossibus
828 2876 942 2920 ossum.

106 2952 256 3034 Golgotha
268 2950 351 3012 locus
363 2964 427 3027 cst,
442 2950 547 3033 capitis
559 2949 685 3021 wratis
697 2950 849 3029 quondam
865 2971 876 3020 ·,
974 3028 977 3036 Ι

107 3045 222 3132 Lingua
235 3044 458 3130 pateruaprior
470 3047 513 3108 sic
527 3043 614 3117 illurn
626 3043 751 3134 nomine
761 3042 856 3116 disits
