2046 3712
92 248 151 311 ηε
319 260 461 314 manna
476 230 580 313 ulan
595 260 783 315 rimorus.
840 236 862 311 i.

128 352 218 413 Unus
229 365 291 413 erat
304 352 374 413 Noe
387 356 497 434 justus,
509 373 601 432 quem
613 366 743 435 propter
755 354 788 415 in
797 354 849 417 iru
877 414 882 421 .

84 447 233 508 Differret
245 446 368 526 prodire
381 446 481 506 Deus:
495 465 588 525 wem
599 446 662 507 vita
672 446 770 508 fidelis
883 448 897 459 ''

87 539 160 599 Jarn
174 560 229 620 per
241 539 417 620 quingentos
428 539 597 598 immunem
609 537 747 599 criminis
758 558 844 601 annos

87 631 236 705 Duxerat,
249 645 279 691 et
290 644 390 692 sancta
402 632 558 713 degentem
571 631 604 690 in
617 629 684 713 iege
695 632 841 711 probarat.
882 620 892 679 .'

90 722 151 786 Cui
163 725 206 786 sic
217 737 315 786 sancta
326 723 411 783 Deus
422 725 556 804 pandens
565 742 675 784 arcana
685 724 815 800 revelat,

88 816 219 896 Jamque
230 818 389 878 hominum
401 818 479 878 vitiis
493 816 635 878 iniectam
648 816 787 897 turpibus
801 837 844 879 out

91 911 171 970 Aera
184 931 252 971 cum
263 911 350 970 terris
361 909 392 968 in
405 908 559 969 deteriora
566 907 693 989 relapsis

90 1002 220 1075 Eluere,
235 1015 264 1061 et
276 1001 390 1062 tumido
404 1002 499 1061 visum
512 1014 556 1062 est
567 1001 761 1084 submergere
772 1015 873 1083 ponto:
895 1072 898 1083 Ι

90 1092 132 1155 Et
144 1095 215 1154 dum
229 1107 332 1156 cuneta
342 1114 431 1156 ruens
444 1095 544 1174 operit
554 1137 563 1168 ,
575 1084 729 1175 jnsiusqne
739 1096 840 1159 residit
885 1140 899 1171 ·.

93 1186 219 1269 Gurgite
231 1187 397 1268 praecipiti,
412 1187 561 1267 poliutum
572 1186 665 1246 diluat
675 1188 803 1263 orbem,
896 1182 899 1187 ’

93 1278 319 1359 implicitosque
332 1281 487 1353 homines,
500 1291 529 1338 et
542 1279 687 1358 quidquid
694 1280 897 1363 viverejnum.

95 1370 193 1433 Causa
203 1372 379 1447 bominum,
394 1371 488 1432 infiati
502 1371 659 1433 conroirat
670 1372 739 1433 labe
752 1372 888 1453 proimdi.
902 1424 905 1431 .

94 1462 155 1525 Sed
168 1465 237 1543 qnia
249 1478 281 1524 tu
291 1465 370 1525 solus
381 1455 428 1526 cisi
439 1465 523 1527 cordi
533 1476 636 1525 nostra
648 1465 802 1541 voluntas,

93 1556 248 1617 Devotum
261 1559 367 1620 sanctis
379 1556 484 1619 duxisti
497 1550 718 1639 iegibus'aerum
731 1600 741 1631 ,

92 1648 244 1711 Perversis
256 1671 375 1730 semper
387 1662 457 1709 voto
470 1649 596 1710 meliore
608 1668 778 1730 repugnans
790 1673 805 1710 :-

94 1741 147 1804 Sic
159 1742 346 1809 decretorum
360 1743 542 1803 moderabor
553 1744 621 1822 jura
631 1762 794 1817 meorum,

94 1834 140 1894 Ut
150 1836 225 1895 mibi
238 1858 305 1897 cunr
315 1839 407 1917 justas¹
416 1835 504 1895 luerit
516 1854 586 1916 gens
599 1834 694 1912 impia
706 1856 812 1914 poenas
820 1879 836 1910 ,.

96 1926 288 2010 Purgataeque
299 1928 381 1988 orbis
395 1928 480 1988 faeces
494 1952 502 1985 :
517 1941 579 1985 tum
594 1925 709 2006 dignius
721 1947 739 1986 a
750 1940 782 1987 te

95 2019 224 2102 incipiat
238 2020 363 2080 mortale
375 2041 484 2102 genus,
498 2039 707 2095 summumque
720 2033 876 2099 parentem

95 2113 141 2173 Te
155 2127 312 2174 numerent
322 2112 427 2193 popuii
439 2156 446 2185 ,
460 2112 603 2190 posthaec
616 2111 667 2188 qni
680 2124 822 2191 tempora
836 2114 913 2175 visen

98 2205 259 2284 Quadratis
269 2207 357 2288 igitur
367 2204 498 2264 trabibus
511 2215 645 2263 contexta
658 2216 781 2281 paretur

96 2298 176 2358 Arca
187 2298 260 2371 tibi,
276 2299 381 2360 cubitis
395 2299 446 2356 sed
457 2319 521 2374 quae
534 2296 572 2356 sit
584 2295 671 2377 longa
683 2298 845 2374 trecentis,

96 2389 169 2449 Lata
183 2391 368 2468 quaterdenis
382 2391 474 2450 denos
486 2409 594 2468 super:
610 2408 678 2448 aera
691 2388 726 2447 in
736 2389 836 2455 altum

96 2483 242 2543 Terdcnis
254 2503 390 2564 surgens,
405 2481 525 2542 cubitali
539 2492 642 2540 ornata
655 2480 796 2543 fenestra.

96 2564 221 2656 insuper
234 2597 250 2634 a
263 2576 334 2636 laeva
347 2587 474 2656 ponatur
486 2575 573 2653 janua
586 2585 691 2653 parte,
896 2636 899 2641 ,

98 2668 185 2730 Tune
197 2669 325 2730 calidum
337 2666 440 2727 bibula
451 2667 565 2745 spirans
577 2684 719 2746 compage
731 2665 878 2731 bitumen.-

100 2760 262 2840 Expioret,
276 2775 377 2821 tenues
388 2772 418 2817 ct
430 2758 531 2817 vestiat
545 2757 674 2834 undique
686 2758 786 2817 rimas.

103 2852 238 2934 Cumque
250 2854 355 2934 triplex
368 2851 495 2932 spatium
509 2851 680 2909 discreverit
694 2870 761 2910 area
773 2853 907 2933 duplex,

103 2944 154 3007 Sic
165 2949 367 3008 discernantur
379 2943 510 3025 propriis
522 2943 683 3002 animantia
696 2945 793 3019 nidis,

104 3038 152 3101 Ne
165 3040 275 3103 violent
286 3040 430 3121 permixta
440 3056 548 3120 genus,
564 3037 781 3117 commissaque
793 3060 913 3124 pugneo
