2018 3714
107 283 169 347 256
394 294 475 349 ur.
493 292 705 349 amenum
896 286 967 371 eq.

109 387 306 468 Prosequitur
317 384 453 451 Cbriatus
466 412 474 448 ε
491 384 556 451 Cur
569 388 661 449 illum
676 389 785 450 dieere
796 384 891 451 David

107 480 224 543 Divino
237 480 309 543 llatu
321 482 465 562 scriptum
478 492 523 541 est
534 480 802 561 Dominamque,
822 480 976 563 Deumque?

111 573 205 654 Quod
217 576 345 656 proprio
355 588 472 656 patrem
482 594 546 635 non
558 596 686 655 aequum
698 589 745 635 est
759 573 935 639 discretim

151 666 240 729 Talia
253 666 402 729 Salvator:
417 668 517 730 eundi
529 668 720 749 obstupuere
734 669 873 731 ridentes.¹

110 760 168 821 llle
181 762 252 836 sed,
272 762 366 824 accita
377 762 551 823 credentum
564 760 682 841 plebe,
699 764 867 843 profatur:

111 854 248 936 Aspicite
261 851 381 916 Scribas
393 853 515 915 sublimi
527 854 599 915 sede
609 856 781 937 superbos.
871 890 874 895 ·

113 948 159 1010 lli
168 970 350 1030 quaecunque
358 951 485 1025 docent,
495 952 606 1032 justum
614 962 661 1011 eut
669 948 982 1032 comprendereootlis·

114 1040 293 1122 Obsequio,
307 1042 437 1105 maculas
450 1043 586 1123 ipsorum
599 1043 732 1104 temnite
746 1045 831 1106 ritae.

112 1137 251 1216 Abmpta
263 1136 424 1217 imponunt
433 1135 568 1195 humeris
579 1154 651 1195 nam
666 1138 817 1217 pondera
826 1136 925 1203 rmn's
933 1176 949 1213 ,.

111 1228 177 1310 Ipsi
191 1250 256 1308 quae
268 1228 360 1311 digito
373 1226 478 1288 saltem
490 1228 665 1311 contingere
680 1228 816 1293 nolunt..

113 1322 261 1383 Accubitu
273 1322 376 1402 primo
389 1342 499 1395 ooeme,
516 1320 651 1401 laetoque
666 1324 809 1403 superbo
818 1367 840 1399 ,.
929 1382 932 1387 .

114 1414 213 1493 Atque
226 1413 404 1474 salutantum
415 1412 649 1475 ranotolluntur
661 1414 808 1492 bonore,

115 1506 156 1567 Et
170 1527 283 1569 nomen
294 1506 537 1568 sublimevolunt
548 1518 663 1589 gestare
674 1508 828 1589 magistriss

116 1597 179 1660 Sed
191 1620 243 1661 vos
254 1599 406 1661 noluerim
417 1598 702 1680 praemisi-nominis
710 1618 830 1662 arcem·

117 1690 271 1754 Allectare
283 1705 385 1755 tamen
395 1690 504 1768 :robis
516 1702 560 1752 est
569 1712 630 1751 una
639 1692 779 1775 magistri

116 1785 265 1867 lmposita
276 1798 421 1849 aeternum
433 1784 499 1847 ooeli
513 1786 555 1846 de'
564 1783 629 1867 lege
640 1798 797 1865 potestas,

118 1877 186 1939 Vos
200 1880 304 1940 eadem
320 1879 449 1939 fratrum·
460 1878 550 1959 parili
563 1874 716 1961 e'onjunxit
727 1878 848 1943 amore.

118 1971 209 2032 Unus
224 1974 297 2033 item
310 1985 395 2053 pater
408 1985 471 2047 est,
484 1971 551 2033 coeli
563 1973 614 2051 qui
627 1973 659 2031 iu
673 1973 808 2035 culmine
821 1988 944 2058 regnat·¹

118 2067 155 2128 lu
170 2067 256 2127 vobis
269 2068 293 2127 si
308 2068 374 2144 quis
387 2066 527 2127 sublimia
540 2066 616 2126 eolla
630 2066 759 2142 levabit,

118 2161 266 2237 Deridet,
279 2175 309 2222 et
320 2162 451 2222 barathri
464 2158 662 2243 mergetur'ad
676 2160 787 2220 ultima·
797 2181 896 2222 coeno.

119 2257 175 2316 Ast
189 2255 310 2317 humilis
326 2255 440 2317 clarum
452 2255 631 2316 conscendet
643 2252 721 2312 liber
733 2252 766 2312 in
780 2253 885 2315 aethra.

120 2348 265 2408 Deflendi
280 2369 401 2430 semper
415 2346 545 2420 Scribae,
560 2345 804 2429 etlacrymabilis
815 2345 886 2408 aevi-

124 2439 211 2501 Caeca
225 2439 380 2501 Pharisaeae
393 2440 506 2503 cunctis
519 2437 633 2499 fallacia
645 2438 752 2519 plebis.
856 2510 859 2514 λ

120 2530 204 2592 Nam
218 2535 304 2594 robis
314 2534 403 2595 itiner
414 2533 546 2594 clausum
559 2531 628 2610 quia
638 2533 704 2612 jure
718 2541 862 2611 negatur,

122 2624 154 2684 N
158 2647 197 2685 on
211 2626 324 2701 sinitis,
339 2647 520 2707 quemquam
531 2637 687 2705 penetrare
700 2644 757 2703 per
768 2626 865 2685 ardua
876 2625 974 2709 lucis,

122 2717 164 2777 Et
176 2732 296 2780 cunctos
308 2719 516 2779 trahitissae'vae
530 2719 568 2778 ad
581 2717 732 2779 consortia
740 2715 886 2780 flammae.

127 2809 191 2871 Vos
202 2812 315 2871 similes
328 2814 425 2872 dicam
438 2812 524 2873 tectis
536 2811 695 2891 splendore
709 2798 876 2890 sepulcrm,

125 2902 224 2979 Queis
235 2906 324 2965 facies
335 2905 428 2965 nitida
442 2918 501 2979 est,
522 2905 696 2983 internaque
707 2903 830 2963 sordida
842 2904 949 2967 bustis.

127 2991 178 3055 Sic
192 3017 247 3057 vox
258 2998 371 3056 velatur
381 3001 464 3078 justae
478 2998 531 3057 sub
545 2998 674 3079 imagine
687 2997 772 3071 vitae,

125 3085 224 3169 Atque
237 3091 332 3174 adytis
344 3091 453 3151 mentis
464 3091 597 3153 celantur
609 3090 730 3151 sordida
742 3090 844 3153 eorda.
