2018 3714
10 106 57 161 ’κ
69 110 149 197 .qu
374 126 436 177 cn
453 127 477 179 n
495 125 525 176 u
541 126 596 177 ru
613 128 645 178 n.
887 114 947 199 379

80 206 140 277 Et
154 216 228 296 quia
240 229 272 315 tu
286 215 367 291 talis,
382 228 412 277 et
422 218 492 295 quia
504 230 584 277 tanta
597 230 704 298 potes,
919 230 923 237 '

64 322 121 369 er
133 329 248 390 precor
261 309 402 370 auxilium
414 310 497 390 virgo
511 309 693 371 sanctissima
705 311 811 388 nobis,

90 396 144 463 Et
157 403 349 463 servatricem
363 402 483 483 porrige
495 422 593 479 quaeso
608 423 741 463 manum.

40 476 145 556 llisa
158 508 202 555 est
214 495 345 575 scopulis
358 506 387 554 et
400 495 492 554 fundo
506 496 768 574 impactacarina,

101 588 251 649 Nee-sine
264 601 293 647 te
306 589 389 648 navis
401 608 520 648 currere
531 601 632 648 nostra
647 601 760 668 potest:

94 701 147 741 am
161 681 220 740 nisi
232 700 290 761 pro
303 680 389 739 solita
401 692 434 738 tu
447 699 502 739 nos
515 680 624 759 pietate
637 680 771 742 misellos

100 772 252 850 Foreris,
267 773 304 832 ad
318 774 400 852 cujus
412 772 615 854 confugiemus
626 775 739 855 opem?

146 929 180 982 11.
198 925 330 977 ORATIO
348 923 398 975 An
416 922 660 976 Bsrtrtssltunttt
677 925 863 978 vittenreut

27 1008 193 1111 Brome
204 1058 303 1107 sancta
315 1064 423 1126 parens
436 1043 497 1104 alto
509 1065 574 1121 quae
587 1045 756 1126 asangnine
765 1046 854 1107 ducis

25 1122 274 1221 Principium,
288 1140 395 1200 virtute
407 1149 533 1220 potens,
548 1155 566 1195 ο
580 1137 663 1216 pacis
676 1137 816 1215 amatrix,

37 1230 97 1297 (J
110 1235 216 1317 patriae
230 1232 355 1295 coelestis
367 1232 480 1305 honos,
497 1229 605 1304 ovita,
619 1229 772 1308 salusque,

43 1322 204 1411 Spesque
222 1325 372 1400 hominis,
393 1342 483 1402 quam
500 1335 597 1398 terra,
615 1321 701 1404 poli,
719 1340 819 1400 mare,
841 1323 947 1405 sydera

231 1419 364 1478 adorant.

66 1508 100 1575 0
114 1512 234 1591 requies
246 1507 494 1588 tranquilla-piis,
510 1528 529 1567 o
542 1520 609 1568 nata
622 1508 772 1590 parentis,

60 1606 165 1685 Atque
179 1604 271 1685 patris
281 1602 391 1662 dilecta
404 1621 528 1681 parens,
542 1602 592 1680 qui
605 1604 731 1663 crimina
740 1601 812 1661 salsi·

61 1694 217 1779 Sanguine
230 1695 404 1754 inhumano
417 1695 565 1773 reparavit
577 1694 706 1776 imagine
716 1694 822 1752 mundi

62 1788 148 1851 Luce
163 1786 283 1867 replens
294 1786 407 1846 animas
420 1786 573 1846 radiorum
585 1789 693 1847 ardore
705 1799 835 1845 tuorum.

61 1880 127 1943 His
139 1877 374 1941 oculnsinflecte
385 1891 442 1938 tuae
453 1879 571 1958 pietatis
581 1898 684 1938 amore

63 1972 156 2034 Votis
169 1974 255 2053 virgo
265 1971 377 2043 libens,
393 1982 422 2030 et
434 1971 511 2031 servi
524 1973 598 2051 justa
609 1970 758 2051 precantis

63 2064 182 2127 Exaudi
195 2064 296 2146 regina
309 2083 434 2143 preces,
448 2084 539 2140 quern
553 2063 687 2122 criminis
700 2063 758 2121 acti

62 2156 211 2232 lloenitet,
227 2170 256 2216 ct
267 2155 412 2216 scelerum
425 2167 538 2213 terrent
549 2167 745 2214 monumenta
758 2153 903 2234 priorum.

63 2250 250 2331 Quanquam
263 2247 436 2309 cunctatuis
447 2247 609 2326 speculeris
621 2248 659 2307 ab
671 2248 779 2308 aethere
793 2259 858 2306 toto

64 2342 206 2405 Crimina
219 2340 399 2413 luminibus,
412 2351 568 2419 pateatque
580 2362 615 2400 ex
626 2341 731 2402 ordine
744 2341 797 2401 sati

67 2432 228 2515 Quidquid
241 2446 305 2514 agat
312 2431 444 2491 mortale
455 2453 561 2513 genus,
575 2447 676 2495 tamen
690 2434 793 2493 omnia
805 2442 880 2490 nutu

64 2525 295 2608 Qualiacunque
307 2538 410 2585 tenent
421 2526 575 2605 peccantia
589 2529 680 2586 corda
694 2526 850 2584 resolmm.
890 2541 892 2547 ’

61 2618 119 2681 Me
132 2621 278 2680 miserum
290 2617 368 2677 male
381 2629 462 2698 grata
474 2617 562 2689 viris,
576 2616 655 2674 male
667 2629 748 2696 grata
763 2615 890 2694 Deoque

61 2710 205 2775 Detinuit
219 2712 336 2791 quoties
349 2709 491 2790 propulsa
504 2708 644 2786 superbia
658 2707 742 2767 coelo.

61 2804 241 2889 'l'isyphone
253 2803 415 2887 anguineos
427 2818 504 2860 saeva
516 2798 644 2858 laniante
658 2799 800 2879 capillos,

62 2896 131 2981 lpse
147 2905 201 2985 eg'o
214 2918 292 2983 saepe
303 2894 390 2958 malis
402 2892 486 2957 furiis
498 2891 619 2981 agitatus
632 2904 661 2952 et
673 2892 720 2953 ira
