2018 3714
9 290 42 343 ιι
55 276 135 362 676.
222 288 465 347 uvsnonncn
482 293 571 348 msr.
588 293 648 347 utu.
666 294 712 349 tr.
849 303 908 367 ²77

9 384 173 459 illudunt,
188 396 334 465 motuque
346 398 450 466 caput,
465 385 635 469 linguasque
647 385 772 469 loquelis

9 478 142 541 lnsauis
155 477 295 558 quatiunt
306 490 424 539 aeterna
435 481 472 539 ad
483 479 600 541 vincula
614 502 719 560 poenae.

16 572 142 635 Nonne
153 571 230 633 alios
243 572 396 651 qnondam
409 572 541 634 trucibus
551 592 668 633 servare
680 573 793 637 solebat

17 664 210 727 Morborum
222 662 352 726 vinclis?
365 665 458 746 proh!
472 684 535 725 sese
550 664 665 725 solvere
677 668 775 746 poenis
808 688 812 695 ·

17 758 101 821 Non
115 758 200 821 valet.
214 756 264 819 En
277 778 379 840 regem
389 770 498 817 nostrae
517 775 606 837 quem
617 759 740 820 credere
753 763 847 844 gentis

19 850 197 915 Debuimus
209 849 325 911 :solvat
338 850 411 933 ligni
423 852 460 912 ‹le
470 851 584 911 robore
595 871 720 932 corpus,

19 944 112 1007 Tunc
123 942 234 1007 sanctis
244 943 334 1027 (ligne
348 944 514 1025 poterimus
524 943 647 1007 credere
659 945 760 1028 signis.

26 1036 310 1121 Conliditgeuitore
324 1034 395 1096 Deo
407 1059 416 1095 s
430 1035 580 1098 dimittere
593 1054 682 1117 poena

26 1129 95 1195 Cur
107 1130 267 1217 propriam
277 1150 343 1191 non
355 1129 418 1191 vult
429 1129 566 1191 sobolem
579 1134 748 1192 veneranda
761 1139 909 1214 potestas-i

25 1222 208 1289 Noctuinus
220 1221 401 1305 increpitant
412 1224 529 1299 dextra,
543 1222 674 1306 laevaque
685 1240 838 1307 gementes

24 1318 115 1379 Affixi
126 1318 266 1381 crucibus
278 1315 426 1379 scelerum
438 1330 576 1397 prosorte
586 1318 726 1380 latrones.

23 1408 99 1475 Jam
110 1410 249 1473 medium
260 1430 362 1473 cursus
374 1409 449 1471 lucis
460 1412 673 1472 conscenderat
686 1410 811 1489 orbem,

23 1504 108 1571 cum
119 1504 222 1567 §abito
233 1522 268 1566 ex
282 1503 377 1565 oculis
390 1503 478 1585 sugit,
493 1503 642 1583 furvisque
656 1506 787 1567 tenebris

20 1598 183 1676 lntluitur,
197 1596 408 1679 trepidumque
421 1596 502 1657 (lium
515 1596 561 1656 sol
574 1610 663 1658 nocte
678 1600 824 1661 recondit.

19 1694 82 1755 Ast
93 1691 147 1753 ubi
157 1689 291 1753 turbatus
298 1692 414 1749 nonam
427 1691 639 1753 conscenderat
651 1690 775 1767 huram,

16 1783 227 1849 Consternata
237 1802 291 1843 suo
302 1781 458 1843 redierunt
465 1780 580 1842 lumina
593 1785 719 1844 mundo.

13 1876 61 1940 Et
75 1874 215 1941 Christus
226 1894 332 1959 magua
343 1872 524 1936 (ianitorem
537 1895 611 1937 uoce
624 1876 749 1937 vocabat

15 1971 166 2035 Hebuaeae
177 1968 209 2029 in
220 1967 458 2049 morem'linguae
472 1990 479 2025 :
493 1968 546 2028 sed
558 1968 658 2030 nescia
671 1967 775 2048 plebes

18 2065 131 2129 Elium
140 2062 271 2127 vocitare
282 2073 374 2143 putat.
387 2058 469 2121 Tum
480 2060 616 2121 concitus
631 2080 707 2121 unus

21 2156 167 2240 (lugebat
177 2174 291 2239 spongo
300 2153 399 2235 turpi,
411 2152 587 2231 calamoque
599 2152 733 2215 revincto
785 2168 792 2180 ‘

25 2249 215 2331 impressum
226 2246 313 2311 labiis
323 2246 442 2309 amulum
455 2258 561 2327 potare
574 2265 725 2326 saporem.

23 2340 149 2405 Cretera
160 2342 248 2404 turlsa
259 2341 359 2401 furens
369 2338 421 2400 tali
434 2359 502 2400 cum
516 2356 589 2400 uoce
603 2338 770 2402 cachinnat.

23 2436 211 2521 spectemus
222 2436 353 2518 pariter,
366 2432 442 2495 cuulo
455 2452 495 2493 ne
508 2431 586 2493 forte
599 2432 740 2495 remissus

24 2530 113 2593 Elias
123 2530 242 2604 vemat,
255 2526 333 2592 celsa
345 2527 397 2607 qni
410 2526 441 2586 in
450 2526 524 2587 sede
531 2525 670 2605 quiescit.

26 2623 154 2687 Liburet
163 2623 350 2685 etmiserum
358 2618 511 2681 confixum
518 2618 623 2699 stipite
635 2638 748 2703 regem.

28 2716 109 2779 Tum
121 2716 238 2781 elamor
249 2712 381 2776 Domini
388 2731 499 2795 magno
512 2712 671 2775 conamine
682 2712 789 2773 missus

25 2810 185 2877 Etlucreis
195 2809 328 2871 animam
336 2806 485 2869 couritcm
493 2804 686 2866 commiscuit
697 2802 793 2880 nuris,

28 2904 213 2969 Suinduntur
220 2901 334 2983 pariter
343 2898 437 2961 suncti
449 2897 598 2959 velamina
609 2895 718 2977 templi
729 2938 739 2970 ‚

26 2998 219 3075 carumque
231 2994 263 3054 iu
275 2992 408 3077 geminas
420 3002 520 3072 partes
530 2988 663 3069 disrupta
674 2987 850 3067 dehisuouu

25 3090 68 3155 Et
78 3087 277 3159 tremebunda
287 3086 374 3149 omni
385 3102 528 3149 concussa
540 3093 584 3145 est
593 3082 730 3165 pondere
742 3080 845 3161 tellus,

728 3176 768 3250 ut
