2046 3712
135 257 156 320 6
427 267 711 322 'PERTULLIANI
903 281 930 321 v.
946 258 1014 345 137.

54 425 56 428 .
134 367 355 445 Factoremque
368 378 467 425 tamen
482 363 566 446 gnari
579 362 699 444 culpare
712 377 859 426 verentur.

135 459 168 521 Ν
171 481 206 522 ec
217 460 372 540 quisquam
385 470 500 518 tanturn
511 456 587 533 ,nisi
596 477 666 532 vos,
680 477 759 518 nova
769 456 1014 542 portagehennrn1

134 552 246 636 Ingrati
259 551 367 635 eligitis
378 550 549 610 Dominum
558 549 738 611 maledicere
751 565 893 612 vestrum.

136 645 211 708 llaec
224 646 308 707 vobis
320 664 378 726 per
390 642 582 704 Marcionem
597 640 738 704 Cerdone
753 646 915 727 magistro,

135 737 296 800 Terribilis
306 738 406 818 refuga
418 736 552 796 attribuit
563 736 626 796 sera
636 756 762 797 monera
774 739 889 798 mortis.
958 756 960 762 ’

136 833 206 894 Nec
215 843 217 849 '
226 833 309 893 venit
320 831 353 890 in
364 842 518 903 mentem,
533 830 614 908 quod
627 848 679 890 vos
693 830 845 890 anornine
861 828 980 907 Christi:

139 923 284 986 Sedoctos
292 925 352 1000 ‚ad
365 921 531 983 Marcionis
541 921 609 981 tulit
620 921 724 982 infima
736 942 859 982 nornen.

135 1017 258 1093 Dicite,
273 1018 310 1077 de
325 1011 425 1077 multis
438 1012 608 1096 quidnobis
621 1014 759 1096 displicet
769 1017 884 1077 unum?

139 1109 353 1190 QnidveDens
366 1106 455 1184 fecit,
469 1110 551 1189 qnod
561 1109 668 1168 nonsit
682 1107 768 1170 laude
782 1110 978 1172 vehendumi.

137 1203 200 1264 Aut
215 1203 305 1264 ittutr
317 1202 398 1282 'quod
410 1221 463 1262 ros
472 1201 602 1262 nimium
615 1202 760 1281 patientia
773 1202 856 1285 larga

138 1295 281 1378 lndignos
289 1338 303 1371 ‚-
312 1295 430 1357 dulcem
443 1293 591 1376 permittit
604 1314 728 1354 cernere
739 1294 863 1357 lucem?

137 1387 304 1471 Quilegitis
314 1407 382 1448 vera
391 1406 407 1461 ‚⁴
416 1385 569 1447 etconcisa
583 1403 617 1445 ea
630 1385 703 1446 falsa
717 1388 830 1448 docetis
839 1409 855 1447 :-

139 1481 219 1560 Quae
231 1492 298 1541 sunt
308 1472 560 1560 postqnelbtnra,
574 1477 733 1558 prioshaec
744 1479 976 1561 sactaprobatis,

136 1573 199 1635 Aut
212 1571 386 1636 incredibile
396 1570 468 1649 qnid
479 1569 580 1630 differt
592 1571 714 1632 credere
725 1574 881 1635 vestrum?

179 1664 249 1727 Nec
258 1664 370 1724 mirum
381 1663 407 1723 si
418 1681 472 1724 ros
481 1674 614 1724 versutus
626 1663 708 1744 cepit
721 1664 869 1740 inermes,
895 1667 897 1672 ’

139 1755 325 1819 Persuadens
337 1757 411 1816 dnos
424 1776 486 1823 esse
497 1768 613 1837 patres,
628 1754 782 1819 damnatus
790 1759 828 1819 ab
840 1779 922 1836 ono‚‚

138 1849 213 1911 Esse
227 1847 330 1921 Deos3
344 1849 396 1928 qui
407 1849 558 1930 principio
568 1846 719 1909 seduxerat
730 1870 845 1912 omnes.

139 1939 249 2003 Postea
260 1935 418 2021 multiplici
432 1954 604 2003 manantem
615 1941 741 2003 volnere
748 1957 864 2025 pestem

138 2033 301 2096 Distribuit
314 2035 429 2111 multis,
444 2047 475 2096 et
487 2034 708 2096 inemendabile
717 2038 841 2099 crimen.

123 2170 128 2182 .
139 2126 282 2189 Infandos
294 2128 376 2188 omni
384 2129 505 2210 magicae
513 2128 664 2188 dernantia
672 2126 778 2209 plenos

140 2217 289 2295 Perrasit,
304 2240 367 2284 sese
377 2220 517 2281 virtutem
527 2219 628 2281 dicere
639 2240 798 2281 sommam.

141 2311 272 2396 Fingere
286 2320 354 2374 cnm
365 2313 543 2387 meretrice,
556 2313 640 2373 nefas
653 2333 830 2396 peragrare,
845 2314 972 2377 volare]

140 2404 290 2484 Namque
300 2403 464 2465 Valentino
476 2405 564 2466 Deos
574 2418 616 2466 est
629 2407 763 2481 insanus,
777 2419 806 2467 et
819 2429 884 2468 aevo
961 2419 964 2424 ’

141 2496 276 2580 Triginta
288 2497 392 2559 tribuit
406 2498 512 2575 coelos,
524 2512 700 2580 patremque
715 2497 920 2573 Profundum

141 2589 198 2650 Bis
209 2590 309 2651 docuit
320 2582 431 2674 tingui,
445 2593 613 2654 transducto
627 2612 757 2673 corpore
766 2591 898 2654 flamma.
953 2648 957 2653 .

141 2681 256 2744 Tantos
263 2702 326 2745 esse
338 2682 423 2745 Deos
433 2685 599 2746 Basilidem
613 2686 844 2768 erederejussit,

144 2776 283 2855 Quantos
298 2789 326 2838 et
337 2779 401 2862 dies
411 2779 600 2839 annnsbabet
610 2801 617 2850 3
629 2791 674 2838 tot
688 2779 815 2858 deniqne
824 2779 953 2838 mundos
963 2821 984 2853 g

142 2867 265 2930 Marcus
279 2890 334 2952 per
346 2892 487 2932 numeros
499 2883 718 2954 argumentatus
731 2883 833 2946 acute,

143 2959 280 3022 Tradidit
292 2965 323 3024 in
334 2966 456 3048 'magica
469 2965 598 3026 formam
613 2962 726 3025 violare
736 2965 895 3044 pudicam,

148 3051 266 3116 Offerri
276 3056 418 3133 calicem,
433 3057 631 3140 precibusque
644 3057 675 3116 in
688 3056 829 3139 sanguine
843 3056 927 3118 verti
