2018 3714
109 256 167 328 124
317 266 459 319 CLAUDII
474 267 577 345 maun
600 269 768 322 VICTORIS
877 285 905 324 v.
922 263 984 347 167.

106 356 314 439 frugibusiue
328 340 877 446 n021s‚·n1ie0mgtsurc11magn0.

107 450 210 509 Prima
223 453 408 511 sacerdotnm
421 446 553 532 species,
567 473 637 512 mox
646 454 743 515 hostia
756 457 866 518 fratris

106 544 221 623 Impia,
234 545 285 604 sed
298 542 450 617 Christum
464 545 551 641 lopge
564 558 664 605 tamen
677 561 747 608 aute
761 549 860 630 ligura

107 636 249 718 Signum,
260 628 421 716 perpetuus
432 657 502 696 nam
515 660 584 699 cnm
598 639 738 719 loretuille
751 644 918 721 sacerdos,

107 729 226 790 Summi
239 728 460 791 Melchisedech
469 752 504 790 ex
518 733 642 792 ordine:
657 734 796 812 protinus
807 735 843 794 iu
858 756 892 797 se
973 793 976 800 .

110 821 248 883 C'onllata
260 822 389 895 invidia,
404 836 434 881 et
444 823 566 883 fratrum
577 824 673 886 livore
683 846 808 888 suorum
822 841 890 906 est,

108 914 218 975 Hostia
230 914 357 976 salvifica
369 915 439 974 dum
450 918 562 996 pendet
573 918 611 977 ab
625 919 733 980 arliore
745 920 854 983 laetus.

108 1007 160 1070 Sic
174 1009 247 1069 olim
260 1021 327 1069 aute
340 1009 385 1068 sui
400 1011 554 1089 praesensit
566 1012 709 1072 candidus
722 1011 802 1073 Abel

108 1103 255 1163 Invidiam
268 1102 366 1162 lratris
379 1127 386 1162 z
402 1123 472 1161 uam
486 1125 554 1164 cnm
567 1104 603 1163 de
617 1104 698 1186 fruge
711 1104 826 1165 litasset

109 1194 169 1255 Iste
180 1216 249 1269 sua,
263 1195 351 1256 niveo
365 1195 416 1256 ille
429 1215 524 1278 agno,
537 1215 607 1255 mox
618 1197 755 1277 protinus
767 1197 866 1258 altum

111 1277 146 1348 lu
161 1289 270 1350 eoelum
284 1290 413 1350 ascendit
427 1290 582 1350 combusto
596 1289 694 1349 fumus
706 1291 744 1350 ab
757 1310 847 1370 agno.

111 1383 152 1442 At
166 1395 269 1444 contra
281 1403 337 1463 per
349 1383 436 1442 inane
448 1381 550 1442 volans
563 1383 599 1441 de
610 1382 743 1464 frugibus
755 1382 818 1442 illis

110 1476 148 1536 lu
158 1489 267 1536 terram
282 1475 370 1535 rediit
382 1475 507 1556 fugienti
519 1475 617 1534 lomus
631 1471 770 1562 Olympo
783 1499 791 1534 :

111 1569 172 1628 Aut
183 1570 263 1647 quod
273 1569 391 1648 pejores
403 1567 541 1628 Domino
551 1582 734 1641 sacraverat,
748 1581 799 1628 aut
811 1568 897 1647 quod

111 1661 160 1720 llli
174 1673 362 1742 nongentum
376 1673 438 1734 est,
452 1661 554 1720 animo
567 1662 648 1738 quod
661 1662 764 1740 prodit
773 1680 876 1721 avaro.

55 1752 59 1757 ’
94 1749 187 1831 ‘lude
203 1752 279 1814 Cain
292 1766 393 1813 tamen
407 1755 523 1813 insanas
534 1753 709 1813 flammatur
717 1755 749 1812 in
762 1753 846 1829 iras,

112 1847 237 1927 Invidiae
246 1848 355 1908 ducens
368 1846 421 1906 illo
431 1848 469 1906 de
482 1847 743 1921 fonteveuenum,

113 1937 204 1999 Unde
218 1939 391 2020 propinarat
401 1961 541 2018 serpens,
553 1941 734 2018 fratremque
748 1939 873 2001 cavendi

113 2030 271 2114 Ignarum,
285 2053 359 2092 saeva
371 2045 532 2092 mactatum
545 2034 624 2093 eaede
636 2035 772 2094 trucidat.

157 2124 227 2185 Heu
240 2126 363 2185 lacinus!
380 2122 452 2202 Quo
467 2146 529 2185 non
541 2125 667 2184 miseros
681 2126 791 2184 furiosa
804 2124 920 2196 libido,

117 2217 189 2296 Quo
204 2239 264 2276 non
281 2218 341 2290 ira,
355 2238 459 2276 recens
473 2218 592 2291 odium,
607 2229 636 2277 et
648 2218 692 2277 vis
703 2217 843 2297 improba
857 2215 960 2298 cogit?

116 2310 200 2389 Quid
213 2323 309 2369 meret
320 2311 464 2370 innocuus
477 2311 588 2371 frater?
601 2332 674 2369 uum
688 2311 817 2371 sanctior
832 2310 884 2368 ille

119 2401 213 2481 Quod
224 2403 294 2476 tuit,
308 2402 439 2462 interimi
452 2404 579 2464 meruit?
592 2406 651 2484 jam
666 2404 740 2463 laeta
750 2416 913 2482 parentum

116 2495 191 2554 Non
204 2509 246 2555 est
258 2498 413 2575 posteritas
426 2498 506 2574 quod
520 2498 680 2575 quidquam
692 2508 826 2568 accuset,
840 2509 870 2554 et
883 2496 941 2576 ipsi

117 2587 279 2669 Flagitium
287 2589 453 2650 addidimus
464 2591 602 2670 :jamque
615 2603 656 2649 est
666 2591 745 2668 quod
755 2588 879 2649 callidus
893 2588 988 2671 anguis

121 2680 270 2762 Objieiat‚
285 2681 309 2740 si
320 2682 381 2742 fors
393 2682 478 2742 illum
489 2703 624 2743 accusare
636 2683 780 2754 velimus,

42 2842 46 2848 ,
122 2773 213 2850 Quod
225 2775 372 2834 morimur
383 2798 390 2833 ε
401 2792 530 2855 namque
538 2778 573 2834 ad
585 2775 738 2837 cumulum
748 2775 849 2854 prima
859 2774 912 2833 illa
923 2792 992 2854 pro-

283 2878 358 2948 pa'go
560 2882 563 2887 '

123 2958 283 3034 Criminis,
296 2960 401 3040 adjecit
413 2973 561 3033 mortem,
576 2961 753 3040 culpamque
766 2970 927 3039 parentum

120 3052 277 3116 Inductam
290 3055 401 3115 mundo
413 3053 621 3131 (horrendum
634 3066 676 3114 est
687 3053 719 3113 id
731 3052 853 3129 dicere)
867 3050 938 3112 lecit
