2018 3714
26 100 161 167 ri525.
354 112 612 169 ottttsssts.
868 102 929 167 ὅθι

32 208 204 272 Gentibus
216 205 382 267 innumeris
392 206 527 288 genitor,
542 208 706 288 ductorque
717 208 850 287 iuturus,

32 296 232 381 Percipietis
243 297 376 379 placidas
385 318 443 379 per
455 301 577 381 grandia
590 314 727 383 tempora
737 303 830 364 sedes

33 392 236 475 Quinetiam
248 390 345 451 solido
357 391 394 450 de
404 391 529 451 nomine
541 394 682 474 grandior
696 395 770 472 exit,

30 482 139 549 Dum
152 486 244 547 decus
256 484 405 565 adjectum
418 483 527 546 voculis
539 485 636 547 littera
650 487 751 563 ducit,

31 574 85 641 Et
105 576 191 639 Sura
202 597 266 656 qute
279 575 374 636 suerat
382 615 397 650 ,·
405 579 563 638 mandatur
575 576 664 639 Sarra
677 582 788 642 vocari.

39 669 242 752 Quinetiam
255 669 353 749 patria
367 666 504 730 Smaelus
516 690 572 751 pro
585 692 676 753 prece
687 674 788 749 dives,

30 760 108 828 Bis
124 782 218 825 senos
229 761 371 843 princeps
383 762 513 843 populos
524 777 717 845 generatque,
733 767 875 849 regitque.

32 850 131 919 Post
143 856 210 916 haec
221 867 301 937 gesta
313 875 401 915 senex
412 897 421 928 ,
434 876 504 915 curu
512 855 559 916 sol
573 870 691 937 octavus
704 861 835 939 adesset,

36 946 200 1011 Muribus
209 946 348 1008 exhibitis
358 947 464 1007 adimit
475 949 622 1028 praeputia
633 948 731 1026 ferro,

38 1042 233 1124 Adiungcns
244 1040 357 1121 puriter
371 1059 562 1119 quoscunque
575 1061 610 1100 ex
623 1041 710 1121 plebe
723 1064 831 1108 seorsa.

38 1130 134 1197 lude
145 1133 238 1193 etiam
249 1144 368 1212 tempus
379 1132 521 1212 promissi
534 1133 665 1193 muneris
677 1135 773 1197 instat.

45 1224 196 1289 Solvitur
206 1224 238 1284 in
251 1223 395 1285 tremulos
408 1223 489 1285 vultu
502 1224 649 1305 crispante
663 1228 840 1306 cachinnos,

44 1318 147 1381 Dum
161 1317 267 1379 tacitus
279 1337 381 1379 secum
391 1316 539 1397 promissa
552 1317 681 1400 ingentia
693 1321 804 1398 volvit,

50 1408 158 1472 Posse
170 1408 274 1471 Deum
285 1410 422 1482 credens,
436 1409 579 1489 quidquid
591 1430 652 1471 uon
666 1414 773 1475 exstitit
786 1432 937 1497 uuquam,

54 1501 224 1580 Condere,
239 1514 269 1563 et
278 1502 419 1564 infractos
431 1502 524 1562 robur
535 1523 676 1585 generare
690 1520 846 1585 peractus.

450 1640 555 1710 XVII.

59 1774 233 1845 Scandebat
243 1780 376 1843 medium
386 1783 448 1863 jam
458 1779 504 1842 sol
514 1778 686 1863 flagrantior
696 1800 798 1862 axem,

58 1872 299 1959 Mquificusque
312 1894 400 1935 senex
413 1874 503 1956 [tigris
516 1874 651 1954 captabat
663 1876 694 1935 in
709 1879 848 1958 umbras,¹
868 1890 871 1897 “

59 1963 146 2029 Cum
159 1966 258 2027 subito
270 1968 392 2048 juvenes
403 1966 515 2046 pariter
528 1978 587 2026 tres
599 1966 693 2027 affore
707 1970 820 2049 cernit,

60 2054 193 2121 Sedulus
205 2058 239 2118 iu
251 2071 390 2132 cunctos,
403 2077 497 2117 uuum
508 2052 576 2139 plus
585 2058 698 2134 ambit,
712 2073 743 2121 et
754 2076 838 2141 orat,

59 2148 114 2212 Ne
124 2170 255 2233 puerum
268 2149 358 2212 celeri
370 2149 500 2228 linquat,
514 2152 585 2210 dum
597 2153 745 2233 praeterit,
761 2169 846 2235 actu,

60 2240 269 2323 Paciliousqoe
280 2263 339 2303 sure
352 2242 488 2325 dignetur
497 2244 628 2326 tegmina
641 2264 785 2325 qttercus,

60 2336 162 2416 Atque
174 2336 268 2416 pedes
277 2335 415 2418 geminos
428 2334 546 2418 frigenti
560 2349 591 2397 ut
603 2338 719 2418 perluat
732 2342 828 2421 undu,

61 2427 236 2510 depositos
248 2447 340 2509 panes
352 2447 462 2487 meusae
474 2428 610 2511 dignetur
622 2421 735 2493 amice.

62 2520 231 2596 Annuitur,
241 2521 376 2602 jussaque
390 2519 463 2582 citus
474 2523 641 2582 veneranda
654 2521 779 2584 lacessit

61 2610 131 2697 lpse
142 2613 235 2675 etiam
249 2632 413 2693 properans
426 2632 489 2673 sese
501 2616 552 2673 dat
566 2611 656 2673 Sarra
668 2613 781 2687 rideri,

62 2705 280 2785 Menoutasque
293 2703 391 2765 libans
402 2717 501 2766 ternas
514 2726 548 2766 ex
559 2703 673 2786 polline
685 2703 822 2784 profert,

61 2800 152 2883 Quas
163 2798 286 2860 dederat
298 2810 376 2858 tosto
389 2798 523 2859 cinerum
536 2809 651 2859 torrere
664 2816 786 2880 vapore.

57 2890 146 2957 Turn
158 2889 269 2957 vitulus
281 2890 394 2955 tumida
405 2908 587 2973 procurrens
598 2908 709 2956 coruus
720 2889 820 2952 fronte

782 2976 822 3046 26
