2018 3714
76 278 137 341 διο
319 293 323 303 “
374 284 606 340 canutum
814 291 838 334 r.
860 270 925 354 1055:

75 383 122 444 Ut
129 376 227 463 patrio
240 397 361 461 semper
372 379 513 464 gaulon
524 397 612 439 mens
624 373 677 457 pia
690 375 772 437 ritu...

434 527 595 590 XXXVI..
697 583 701 590 .

79 662 148 724 lllie
160 661 339 742 conspicuos
352 657 498 743 Iosephus
508 644 632 740 suscipit
641 671 758 736 aetus}
835 660 839 666 ’

78 754 235 837 Effnlgens
246 754 323 814 inter
334 765 417 814 tanto
428 751 601 815 discrimine
614 752 745 831 fretra,

79 846 205 927 Quanto
218 846 569 927 lunanitetparvainter
578 845 676 907 sidera
687 848 771 910 coeliss

81 940 147 1020 Qui
161 960 229 1002 cum
240 941 301 1020 jam
312 940 798 1024 septem‚.tleeemqueattin'geret
807 962 915 1019 annos}

79 1031 225 1098 servabat
231 1032 341 1114 patrias
352 1032 779 1114 gubernatu-gramineum,

83 1126 238 1187 Omnibus
244 1126 384 1188 incedens
396 1138 468 1188 natu
480 1126 600 1203 minor,
614 1148 691 1208 quos
703 1132 859 1212 generosis

83 1216 249 1301 Progenuit
260 1218 398 1282 thalamis
408 1220 543 1304 genitor,
556 1219 603 1281 vel
616 1220 729 1301 pellice
744 1243 839 1285 serra.

82 1308 208 1391 thuia
219 1312 397 1396 conspicuus
408 1332 548 1396 germana
558 1313 590 1373 in
600 1313 702 1376 elasse-
713 1316 852 1394 virebat,

84 1403 250 1467 Eratemos
261 1425 363 1467 sensus
375 1405 479 1467 livoris
490 1402 729 1490 l'rigoremorit'.¹

87 1496 181 1560 Hunc
192 1511 323 1580 pater-er
332 1498 715 1582 totaeompleotens-stirpe
728 1515 881 1564 natorum·

86 1589 243 1652 Muleebat
256 1592 502 1656 tenerum-valida
512 1593 589 1653 iuter
601 1612 733 1674 corpora
746 1595 870 1657 fratrum
878 1597 904 1672 ,ἱ

90 1682 223 1765 Quoque
238 1686 332 1768 magis
345 1699 467 1748 cunctos
478 1686 554 1747 inter
566 1688 758 1767 conspectior
769 1704 865 1765 esset,

88 1775 219 1839 Volebat
231 1779 315 1840 vario
324 1779 416 1841 ¹vestis
426 1778 598 1841 eircumllua
609 1780 694 1842 liaeo.-

89 1870 122 1932 ls
134 1893 202 1933 cum
213 1873 275 1954 jam
287 1873 399 1933 teneris
409 1871 547 1933 <Domino
561 1874 722 1934 inserviret·
732 1875 771 1935 ab
778 1877 897 1952 annis„

90 1964 185 2024 Forte
199 1966 278 2025 videt
293 1964 412 2044 placido
426 1967 538 2046 sopitus
550 1966 663 2026 lumina
675 1987 808 2044 somno,

91 2058 248 2120 Fratribus
259 2060 420 2119 admixtum
431 2080 496 2120 sese
508 2060 622 2121 vincire
633 2061 804 2139 maniplos,

91 2153 178 2214 Dum
187 2154 300 2213 medias
311 2151 390 2211 inter
403 2153 577 2235 distringunt
590 2153 667 2212 farra
678 2154 823 2230 novales,

92 2248 191 2324 Atque
204 2267 290 2306 suum
302 2259 384 2307 recto
397 2245 556 2306 sublimem
569 2266 686 2328 surgere
699 2266 798 2322 cono,

94 2341 197 2418 Quem
210 2341 287 2418 juxta
301 2358 397 2418 prona
409 2340 531 2399 fratrum
546 2340 659 2401 cervice
670 2339 813 2399 ruebant,

92 2429 256 2509 Postquam
270 2433 384 2512 juvenis
397 2433 515 2513 placido
528 2453 668 2493 sermone
681 2433 786 2492 retexit
797 2477 816 2507 ‚.

97 2522 273 2585 Commovit
287 2527 405 2603 trepido
418 2527 578 2607 pavitantia
590 2527 681 2587 corda
693 2527 858 2586 tumultum
886 2525 888 2528 ’

95 2616 254 2676 Murmure
265 2617 395 2677 terrifico
409 2639 528 2701 regem,
549 2619 934 2699 dominumqueloquentun

96 2705 270 2770 Prodebaut
282 2710 784 2781 sceleri:secretumdeloresolum:

97 2799 228 2881 Quoque
241 2804 331 2884 magis
343 2805 766 2884 geminauinesdirumperet
778 2804 845 2879 ira,

98 2890 409 2974 Somniadoctiloquo
421 2899 525 2977 pandit
536 2910 691 2979 perspecta
705 2898 842 2975 parenti,

98 2982 252 3047 Omnibus
265 2992 409 3065 admotis,
424 3013 497 3070 quos
509 2992 588 3050 linea
599 2990 749 3071 sauguinis
763 3003 871 3052 arctat:

97 3074 238 3158 Namque
252 3083 403 3144 videbatur
417 3103 536 3148 roseum
549 3084 744 3146 sibicernere
758 3083 887 3161 solem‚.
