2046 3712
114 258 176 333 234
409 280 437 335 C.
453 283 485 333 V.
505 284 537 333 tt.
553 282 708 337 totnttct
877 284 936 359 mg

113 366 207 429 Haud
218 392 321 452 mora,
336 379 516 439 conveniunt
528 376 650 458 populi,
663 393 827 458 secumque
836 370 936 441 trebeil

111 457 186 523 Pars
196 481 300 548 captos
312 471 424 546 oculis,
445 485 478 531 et
488 490 607 533 crurum
619 471 720 531 debile
733 470 854 554 vulgus,

108 551 315 642 Elinguerque
328 563 396 636 alii,
418 564 578 642 morbique
591 562 737 624 vocabula
749 564 841 626 mille.

109 646 265 717 Omnibus
276 656 328 716 ille
342 672 443 717 tamen
456 656 611 738 languores
622 655 756 736 dempsit
768 668 901 737 ausuros,

110 744 236 809 Viribus
249 763 278 809 et
290 750 394 810 validis
406 750 577 810 venerando
591 768 716 808 monere
729 750 833 810 donat.

108 842 190 903 'l'um
202 843 309 924 populi
322 840 591 923 pariter-miracula
602 850 683 901 tauta
696 841 915 921 frequentem·

107 935 304 1015 AEtcrnoquc
316 937 395 1017 patri
408 934 526 1008 laudes,
547 948 700 1017 gratesque
714 935 876 999 celebrant.

106 1031 283 1111 Discipulos
297 1022 433 1090 Christus
444 1038 552 1111 cogens
564 1031 596 1087 in
609 1030 720 1091 vertice
735 1033 877 1106 montis,-

107 1122 232 1186 Secreto
246 1123 426 1200 alloquitur:
442 1119 545 1181 Plebis
556 1122 710 1181 miseratio
721 1122 818 1183 multa
830 1136 893 1195 cst-r·

104 1216 211 1277 Tertia
222 1228 293 1277 uam
302 1215 392 1276 terris
403 1224 537 1275 remeant
546 1217 609 1295 jam
623 1214 737 1275 lumina
750 1214 841 1292 solis,

103 1310 152 1371 Ex
165 1331 224 1390 quo
236 1309 318 1370 nulla
330 1309 387 1368 sibi
398 1322 521 1368 sumunt
532 1308 841 1371 alimenta-ciborum.

103 1403 248 1484 Jejunam
260 1403 357 1463 nolim
369 1410 482 1462 tantam
496 1401 646 1461 dimittere
658 1402 804 1482 plebem,

102 1496 156 1556 Ne
169 1496 256 1556 labor
268 1494 376 1557 alliciat
385 1495 519 1576 populos
530 1494 692 1577 perlonga
703 1495 831 1557 viantes.

100 1586 255 1668 Discipuli
268 1586 389 1648 Christo
401 1589 576 1661 ostendunt,
591 1588 895 1669 septemzsibtpanu·

99 1678 194 1755 Esse,
209 1693 238 1740 et
249 1680 409 1762 pisciculos
424 1680 564 1741 alimenta
577 1681 614 1738 ad
627 1681 765 1760 proxima
777 1702 897 1762 paucos.
922 1701 926 1711 ’

98 1771 180 1832 Tum
194 1772 341 1854 populum
353 1772 437 1853 jussit
449 1785 536 1832 terrae
548 1792 604 1851 per
616 1774 853 1854 terga-cubare‚'

100 1864 253 1944 Quodque
267 1866 340 1935 tuit,
355 1878 450 1924 totum
462 1865 594 1943 propriis
608 1864 778 1943 discerpere
793 1868 914 1951 palmis,

96 1956 140 2019 El
152 1972 263 2021 cunctae
277 1970 356 2019 curat
368 1957 527 2016 mensatim
541 1957 649 2015 dedere
664 1957 755 2036 plebi.

94 2051 248 2133 Discipuli
263 2063 378 2131 ponunt
390 2049 508 2129 epulas,
530 2049 715 2129 populosque
729 2052 866 2132 repletur

94 2145 145 2204 Ad
158 2147 262 2205 satiem
275 2143 400 2223 dapibus
414 2167 420 2200 :
436 2141 567 2222 relegunt
582 2163 650 2201 mox
663 2143 811 2225 fragmina
824 2146 931 2226 panis‚.

93 2234 136 2296 Et
146 2251 261 2317 sportas
276 2236 408 2295 referunt
421 2233 570 2294 cumulato
584 2236 719 2314 pondere
729 2250 858 2316 sepiem.

95 2329 235 2406 Quattuor
245 2352 279 2390 ex
290 2330 373 2388 omui
388 2329 503 2387 socrant
514 2339 577 2386 tum
593 2326 685 2386 millia
699 2328 808 2407 plebe,

91 2422 162 2484 Nec
175 2444 302 2484 numero
317 2423 472 2499 quisquam
484 2433 612 2493 matres,
626 2441 795 2500 puerosque
809 2424 922 2483 notarit.

133 2515 208 2575 lnde
223 2514 418 2596 Magedarum
432 2513 498 2571 navi
513 2514 683 2572 transcurrit
699 2514 729 2570 in
745 2535 823 2575 oras.

90 2607 173 2669 Ecce
189 2607 345 2679 Pharisaei,
358 2605 572 2681 sadducaeique
586 2605 683 2663 dolosi

89 2699 221 2762 Poscere
236 2713 379 2760 leniamus
394 2699 502 2756 instant
516 2696 644 2756 coelestia
657 2697 749 2777 signa.

90 2791 150 2853 Sed
168 2792 303 2853 Christus
317 2810 441 2852 censens
454 2788 569 2849 fallacia
583 2801 724 2868 pectora,
740 2790 820 2850 lator
834 2814 842 2850 :

89 2882 264 2945 Conversum
278 2884 393 2963 quoties
407 2882 516 2943 claudit
527 2902 584 2939 nox
598 2881 719 2940 humida
730 2884 863 2959 coelum,

86 2976 120 3038 Si
139 2979 227 3038 ruber
241 2978 380 3037 astrifero
392 2975 527 3055 procedit
539 2994 645 3053 vesper
659 2973 785 3055 olympo

85 3069 195 3135 Dicitis
210 3093 216 3129 :
231 3069 380 3133 Adveniet
392 3064 755 3133 ventosa-luce-serenum.
