<?xml version="1.0" encoding="UTF-8"?>
<!DOCTYPE html PUBLIC "-//W3C//DTD XHTML 1.0 Transitional//EN"
    "http://www.w3.org/TR/xhtml1/DTD/xhtml1-transitional.dtd">
<html xmlns="http://www.w3.org/1999/xhtml" xml:lang="en" lang="en">
 <head>
  <title>
</title>
<meta http-equiv="Content-Type" content="text/html;charset=utf-8" />
  <meta name='ocr-system' content='tesseract 3.04.00' />
  <meta name='ocr-capabilities' content='ocr_page ocr_carea ocr_par ocr_line ocrx_word'/>
</head>
<body>
  <div class='ocr_page' id='page_1' title='image "./qsflorentistert00tertgoog_0336.png"; bbox 0 0 2018 3714; ppageno 0'>
   <div class='ocr_carea' id='block_1_1' title="bbox 25 271 903 347">
    <p class='ocr_par' dir='ltr' id='par_1_1' title="bbox 25 271 903 347">
     <span class='ocr_line' id='line_1_1' title="bbox 25 271 903 347; baseline 0.011 -16"><span class='ocrx_word' id='word_1_1' title='bbox 25 291 46 333; x_wconf 71' lang='lat' dir='ltr'>r.</span> <span class='ocrx_word' id='word_1_2' title='bbox 72 271 168 346; x_wconf 73' lang='lat'>1141.</span> <span class='ocrx_word' id='word_1_3' title='bbox 378 287 634 347; x_wconf 76' lang='lat' dir='ltr'>ennesrs.</span> <span class='ocrx_word' id='word_1_4' title='bbox 842 273 903 341; x_wconf 83' lang='lat'>323</span> 
     </span>
    </p>
   </div>
   <div class='ocr_carea' id='block_1_2' title="bbox 9 373 864 1492">
    <p class='ocr_par' dir='ltr' id='par_1_2' title="bbox 9 373 864 1492">
     <span class='ocr_line' id='line_1_2' title="bbox 17 373 771 462; baseline 0.007 -22"><span class='ocrx_word' id='word_1_5' title='bbox 17 373 132 440; x_wconf 87' lang='lat' dir='ltr'>Exsilit</span> <span class='ocrx_word' id='word_1_6' title='bbox 146 375 197 438; x_wconf 92' lang='lat' dir='ltr'><strong>ille</strong></span> <span class='ocrx_word' id='word_1_7' title='bbox 210 375 326 453; x_wconf 85' lang='lat' dir='ltr'>alacer,</span> <span class='ocrx_word' id='word_1_8' title='bbox 342 391 512 459; x_wconf 79' lang='lat' dir='ltr'>restemque</span> <span class='ocrx_word' id='word_1_9' title='bbox 524 399 541 439; x_wconf 90' lang='lat' dir='ltr'>a</span> <span class='ocrx_word' id='word_1_10' title='bbox 557 402 648 462; x_wconf 88' lang='lat' dir='ltr'>corpe</span> <span class='ocrx_word' id='word_1_11' title='bbox 662 382 771 462; x_wconf 83' lang='lat' dir='ltr'>demit,</span> 
     </span>
     <span class='ocr_line' id='line_1_3' title="bbox 13 471 756 555; baseline 0.005 -22"><span class='ocrx_word' id='word_1_12' title='bbox 13 471 126 553; x_wconf 85' lang='lat' dir='ltr'>Atque</span> <span class='ocrx_word' id='word_1_13' title='bbox 139 471 219 532; x_wconf 90' lang='lat' dir='ltr'>iuter</span> <span class='ocrx_word' id='word_1_14' title='bbox 228 471 360 532; x_wconf 84' lang='lat' dir='ltr'>dominae</span> <span class='ocrx_word' id='word_1_15' title='bbox 369 472 502 555; x_wconf 84' lang='lat' dir='ltr'>geminas</span> <span class='ocrx_word' id='word_1_16' title='bbox 512 473 653 536; x_wconf 79' lang='lat' dir='ltr'>dilabitur</span> <span class='ocrx_word' id='word_1_17' title='bbox 661 475 756 538; x_wconf 88' lang='lat' dir='ltr'>ulnas.</span> 
     </span>
     <span class='ocr_line' id='line_1_4' title="bbox 15 561 798 646; baseline 0.003 -18"><span class='ocrx_word' id='word_1_18' title='bbox 15 561 162 628; x_wconf 80' lang='lat' dir='ltr'>Femina</span> <span class='ocrx_word' id='word_1_19' title='bbox 171 564 358 646; x_wconf 78' lang='lat' dir='ltr'><strong>proclamat,</strong></span> <span class='ocrx_word' id='word_1_20' title='bbox 370 565 507 644; x_wconf 85' lang='lat' dir='ltr'>viresque</span> <span class='ocrx_word' id='word_1_21' title='bbox 520 586 539 625; x_wconf 89' lang='lat' dir='ltr'>a</span> <span class='ocrx_word' id='word_1_22' title='bbox 550 567 677 629; x_wconf 83' lang='lat' dir='ltr'>erimine</span> <span class='ocrx_word' id='word_1_23' title='bbox 690 569 798 645; x_wconf 88' lang='lat' dir='ltr'><strong>sumit,</strong></span> 
     </span>
     <span class='ocr_line' id='line_1_5' title="bbox 9 656 804 745; baseline 0.001 -23"><span class='ocrx_word' id='word_1_24' title='bbox 9 656 225 733; x_wconf 78' lang='lat' dir='ltr'>Vociferans,</span> <span class='ocrx_word' id='word_1_25' title='bbox 237 657 387 739; x_wconf 69' lang='lat' dir='ltr'>praedulce</span> <span class='ocrx_word' id='word_1_26' title='bbox 401 658 490 719; x_wconf 85' lang='lat' dir='ltr'>decus</span> <span class='ocrx_word' id='word_1_27' title='bbox 502 671 667 745; x_wconf 77' lang='lat' dir='ltr'>temerasse</span> <span class='ocrx_word' id='word_1_28' title='bbox 680 663 804 743; x_wconf 83' lang='lat' dir='ltr'>pudoris</span> 
     </span>
     <span class='ocr_line' id='line_1_6' title="bbox 9 749 778 831; baseline 0.003 -17"><span class='ocrx_word' id='word_1_29' title='bbox 9 750 191 814; x_wconf 71' lang='lat' dir='ltr'>Fidenteru</span> <span class='ocrx_word' id='word_1_30' title='bbox 201 749 302 811; x_wconf 71' lang='lat' dir='ltr'>forma</span> <span class='ocrx_word' id='word_1_31' title='bbox 315 753 474 831; x_wconf 81' lang='lat' dir='ltr'>juvenem,</span> <span class='ocrx_word' id='word_1_32' title='bbox 488 752 559 813; x_wconf 89' lang='lat' dir='ltr'>dum</span> <span class='ocrx_word' id='word_1_33' title='bbox 571 753 702 816; x_wconf 87' lang='lat' dir='ltr'>lubricus</span> <span class='ocrx_word' id='word_1_34' title='bbox 714 775 778 816; x_wconf 82' lang='lat' dir='ltr'>aevu</span> 
     </span>
     <span class='ocr_line' id='line_1_7' title="bbox 12 843 763 921; baseline 0 -11"><span class='ocrx_word' id='word_1_35' title='bbox 12 846 161 921; x_wconf 76' lang='lat' dir='ltr'>Ferret,</span> <span class='ocrx_word' id='word_1_36' title='bbox 173 858 203 908; x_wconf 89' lang='lat' dir='ltr'>et</span> <span class='ocrx_word' id='word_1_37' title='bbox 213 845 342 907; x_wconf 81' lang='lat' dir='ltr'><strong>herilem</strong></span> <span class='ocrx_word' id='word_1_38' title='bbox 352 843 476 906; x_wconf 83' lang='lat' dir='ltr'>molitur</span> <span class='ocrx_word' id='word_1_39' title='bbox 488 849 630 909; x_wconf 80' lang='lat' dir='ltr'>scandere</span> <span class='ocrx_word' id='word_1_40' title='bbox 641 848 763 911; x_wconf 87' lang='lat' dir='ltr'>lectum.</span> 
     </span>
     <span class='ocr_line' id='line_1_8' title="bbox 11 937 724 1022; baseline 0.003 -21"><span class='ocrx_word' id='word_1_41' title='bbox 11 939 210 1022; x_wconf 76' lang='lat' dir='ltr'><strong>Quinetiam</strong></span> <span class='ocrx_word' id='word_1_42' title='bbox 224 939 300 1000; x_wconf 90' lang='lat' dir='ltr'>tristi</span> <span class='ocrx_word' id='word_1_43' title='bbox 307 937 474 1021; x_wconf 74' lang='lat' dir='ltr'>¹compellat</span> <span class='ocrx_word' id='word_1_44' title='bbox 480 959 554 1003; x_wconf 78' lang='lat' dir='ltr'>rece</span> <span class='ocrx_word' id='word_1_45' title='bbox 567 942 724 1016; x_wconf 87' lang='lat' dir='ltr'>maritum,</span> 
     </span>
     <span class='ocr_line' id='line_1_9' title="bbox 17 1031 831 1115; baseline -0.002 -19"><span class='ocrx_word' id='word_1_46' title='bbox 17 1033 265 1115; x_wconf 79' lang='lat' dir='ltr'>Innocuumque</span> <span class='ocrx_word' id='word_1_47' title='bbox 276 1053 363 1095; x_wconf 88' lang='lat' dir='ltr'>reum</span> <span class='ocrx_word' id='word_1_48' title='bbox 376 1031 492 1113; x_wconf 75' lang='lat' dir='ltr'><strong>placitae</strong></span> <span class='ocrx_word' id='word_1_49' title='bbox 503 1032 565 1094; x_wconf 90' lang='lat' dir='ltr'>rult</span> <span class='ocrx_word' id='word_1_50' title='bbox 577 1035 703 1096; x_wconf 82' lang='lat' dir='ltr'>subdere</span> <span class='ocrx_word' id='word_1_51' title='bbox 715 1053 831 1115; x_wconf 75' lang='lat' dir='ltr'>poenae,</span> 
     </span>
     <span class='ocr_line' id='line_1_10' title="bbox 24 1125 859 1208; baseline 0 -19"><span class='ocrx_word' id='word_1_52' title='bbox 24 1125 113 1207; x_wconf 79' lang='lat' dir='ltr'>Quae</span> <span class='ocrx_word' id='word_1_53' title='bbox 130 1146 187 1188; x_wconf 88' lang='lat' dir='ltr'>eeu</span> <span class='ocrx_word' id='word_1_54' title='bbox 196 1145 267 1188; x_wconf 88' lang='lat' dir='ltr'>vera</span> <span class='ocrx_word' id='word_1_55' title='bbox 278 1139 405 1208; x_wconf 88' lang='lat' dir='ltr'>putans,</span> <span class='ocrx_word' id='word_1_56' title='bbox 427 1125 591 1208; x_wconf 84' lang='lat' dir='ltr'>Ioseph&#39;um</span> <span class='ocrx_word' id='word_1_57' title='bbox 602 1149 720 1190; x_wconf 82' lang='lat' dir='ltr'>carcere</span> <span class='ocrx_word' id='word_1_58' title='bbox 732 1127 859 1205; x_wconf 77' lang='lat' dir='ltr'>claudit,</span> 
     </span>
     <span class='ocr_line' id='line_1_11' title="bbox 29 1218 752 1303; baseline 0.003 -23"><span class='ocrx_word' id='word_1_59' title='bbox 29 1218 72 1280; x_wconf 83' lang='lat' dir='ltr'>ln</span> <span class='ocrx_word' id='word_1_60' title='bbox 84 1239 145 1300; x_wconf 85' lang='lat' dir='ltr'>quo</span> <span class='ocrx_word' id='word_1_61' title='bbox 157 1222 220 1303; x_wconf 84' lang='lat' dir='ltr'>jam</span> <span class='ocrx_word' id='word_1_62' title='bbox 228 1221 307 1303; x_wconf 82' lang='lat' dir='ltr'>regis</span> <span class='ocrx_word' id='word_1_63' title='bbox 319 1219 479 1282; x_wconf 83' lang='lat' dir='ltr'>cohibebat</span> <span class='ocrx_word' id='word_1_64' title='bbox 489 1241 578 1302; x_wconf 86' lang='lat' dir='ltr'>poena</span> <span class='ocrx_word' id='word_1_65' title='bbox 590 1221 752 1282; x_wconf 84' lang='lat' dir='ltr'>ministros.</span> 
     </span>
     <span class='ocr_line' id='line_1_12' title="bbox 30 1303 864 1397; baseline -0.001 -22"><span class='ocrx_word' id='word_1_66' title='bbox 30 1310 176 1375; x_wconf 80' lang='lat' dir='ltr'>Carceris</span> <span class='ocrx_word' id='word_1_67' title='bbox 187 1313 267 1375; x_wconf 88' lang='lat' dir='ltr'>hunc</span> <span class='ocrx_word' id='word_1_68' title='bbox 275 1326 372 1375; x_wconf 75' lang='lat' dir='ltr'>eustos</span> <span class='ocrx_word' id='word_1_69' title='bbox 384 1312 496 1374; x_wconf 88' lang='lat' dir='ltr'>blando</span> <span class='ocrx_word' id='word_1_70' title='bbox 509 1303 579 1374; x_wconf 73' lang='lat' dir='ltr'>ruer</span> <span class='ocrx_word' id='word_1_71' title='bbox 590 1313 835 1395; x_wconf 79' lang='lat' dir='ltr'>peeturemuleet</span> <span class='ocrx_word' id='word_1_72' title='bbox 843 1313 864 1397; x_wconf 60' lang='lat' dir='ltr'>,f</span> 
     </span>
     <span class='ocr_line' id='line_1_13' title="bbox 31 1404 820 1492; baseline 0.001 -25"><span class='ocrx_word' id='word_1_73' title='bbox 31 1404 263 1488; x_wconf 72' lang='lat' dir='ltr'>{morumque</span> <span class='ocrx_word' id='word_1_74' title='bbox 276 1406 396 1483; x_wconf 81' lang='lat' dir='ltr'>ridens,</span> <span class='ocrx_word' id='word_1_75' title='bbox 411 1406 570 1471; x_wconf 75' lang='lat' dir='ltr'>commissa</span> <span class='ocrx_word' id='word_1_76' title='bbox 580 1407 724 1492; x_wconf 75' lang='lat' dir='ltr'>ergastula</span> <span class='ocrx_word' id='word_1_77' title='bbox 734 1407 820 1492; x_wconf 84' lang='lat' dir='ltr'>legat.</span> 
     </span>
    </p>
   </div>
   <div class='ocr_carea' id='block_1_3' title="bbox 408 1554 553 1618">
    <p class='ocr_par' dir='ltr' id='par_1_3' title="bbox 408 1554 553 1618">
     <span class='ocr_line' id='line_1_14' title="bbox 408 1554 553 1618; baseline 0 0"><span class='ocrx_word' id='word_1_78' title='bbox 408 1554 553 1618; x_wconf 80' lang='lat' dir='ltr'>XXXIX.</span> 
     </span>
    </p>
   </div>
   <div class='ocr_carea' id='block_1_4' title="bbox 20 1688 848 2897">
    <p class='ocr_par' dir='ltr' id='par_1_4' title="bbox 36 1688 764 2131">
     <span class='ocr_line' id='line_1_15' title="bbox 36 1688 695 1770; baseline 0.005 -20"><span class='ocrx_word' id='word_1_79' title='bbox 36 1690 107 1753; x_wconf 87' lang='lat' dir='ltr'><strong>lllie</strong></span> <span class='ocrx_word' id='word_1_80' title='bbox 118 1688 196 1752; x_wconf 84' lang='lat' dir='ltr'>lurte</span> <span class='ocrx_word' id='word_1_81' title='bbox 206 1689 284 1766; x_wconf 89' lang='lat' dir='ltr'>duo,</span> <span class='ocrx_word' id='word_1_82' title='bbox 296 1688 374 1753; x_wconf 90' lang='lat' dir='ltr'>eelsa</span> <span class='ocrx_word' id='word_1_83' title='bbox 386 1709 461 1770; x_wconf 88' lang='lat' dir='ltr'>quus</span> <span class='ocrx_word' id='word_1_84' title='bbox 471 1703 573 1753; x_wconf 72' lang='lat' dir='ltr'>torvus</span> <span class='ocrx_word' id='word_1_85' title='bbox 584 1691 615 1752; x_wconf 89' lang='lat' dir='ltr'>in</span> <span class='ocrx_word' id='word_1_86' title='bbox 627 1691 695 1753; x_wconf 84' lang='lat' dir='ltr'>aula</span> 
     </span>
     <span class='ocr_line' id='line_1_16' title="bbox 41 1782 746 1868; baseline -0.001 -21"><span class='ocrx_word' id='word_1_87' title='bbox 41 1782 228 1847; x_wconf 77' lang='lat' dir='ltr'>Condiderat</span> <span class='ocrx_word' id='word_1_88' title='bbox 239 1783 324 1867; x_wconf 80' lang='lat' dir='ltr'>nigro</span> <span class='ocrx_word' id='word_1_89' title='bbox 337 1797 491 1865; x_wconf 85' lang='lat' dir='ltr'>permotus</span> <span class='ocrx_word' id='word_1_90' title='bbox 504 1783 573 1844; x_wconf 89' lang='lat' dir='ltr'>lelle</span> <span class='ocrx_word' id='word_1_91' title='bbox 586 1797 746 1868; x_wconf 88' lang='lat' dir='ltr'>tyrannus,</span> 
     </span>
     <span class='ocr_line' id='line_1_17' title="bbox 39 1875 764 1961; baseline -0.004 -22"><span class='ocrx_word' id='word_1_92' title='bbox 39 1875 151 1941; x_wconf 72' lang='lat' dir='ltr'>tactust</span> <span class='ocrx_word' id='word_1_93' title='bbox 164 1896 285 1961; x_wconf 87' lang='lat' dir='ltr'><strong>poeuam</strong></span> <span class='ocrx_word' id='word_1_94' title='bbox 297 1877 416 1957; x_wconf 90' lang='lat' dir='ltr'>trepido</span> <span class='ocrx_word' id='word_1_95' title='bbox 424 1877 478 1938; x_wconf 91' lang='lat' dir='ltr'>sub</span> <span class='ocrx_word' id='word_1_96' title='bbox 492 1879 582 1938; x_wconf 86' lang='lat' dir='ltr'>corde</span> <span class='ocrx_word' id='word_1_97' title='bbox 595 1877 764 1958; x_wconf 86' lang='lat' dir='ltr'>pavebant,</span> 
     </span>
     <span class='ocr_line' id='line_1_18' title="bbox 40 1968 697 2042; baseline -0.006 -11"><span class='ocrx_word' id='word_1_98' title='bbox 40 1970 84 2034; x_wconf 77' lang='lat' dir='ltr'>tte</span> <span class='ocrx_word' id='word_1_99' title='bbox 95 1972 172 2031; x_wconf 77' lang='lat' dir='ltr'>dunt</span> <span class='ocrx_word' id='word_1_100' title='bbox 183 1969 318 2033; x_wconf 81' lang='lat' dir='ltr'>sollicitis</span> <span class='ocrx_word' id='word_1_101' title='bbox 330 1970 464 2031; x_wconf 86' lang='lat' dir='ltr'>furantur</span> <span class='ocrx_word' id='word_1_102' title='bbox 476 1969 591 2030; x_wconf 88' lang='lat' dir='ltr'>lumina</span> <span class='ocrx_word' id='word_1_103' title='bbox 603 1968 697 2042; x_wconf 87' lang='lat' dir='ltr'>euris,</span> 
     </span>
     <span class='ocr_line' id='line_1_19' title="bbox 43 2060 684 2131; baseline -0.009 -6"><span class='ocrx_word' id='word_1_104' title='bbox 43 2060 171 2125; x_wconf 82' lang='lat' dir='ltr'>Somnia</span> <span class='ocrx_word' id='word_1_105' title='bbox 183 2064 312 2127; x_wconf 81' lang='lat' dir='ltr'>venturis</span> <span class='ocrx_word' id='word_1_106' title='bbox 323 2063 461 2125; x_wconf 86' lang='lat' dir='ltr'>viderunt</span> <span class='ocrx_word' id='word_1_107' title='bbox 473 2062 577 2131; x_wconf 79' lang='lat' dir='ltr'>nuntia</span> <span class='ocrx_word' id='word_1_108' title='bbox 587 2062 684 2121; x_wconf 86' lang='lat' dir='ltr'>rebus.</span> 
     </span>
    </p>

    <p class='ocr_par' dir='ltr' id='par_1_5' title="bbox 20 2154 848 2897">
     <span class='ocr_line' id='line_1_20' title="bbox 43 2154 799 2239; baseline -0.005 -21"><span class='ocrx_word' id='word_1_109' title='bbox 43 2154 108 2219; x_wconf 85' lang='lat' dir='ltr'>llos</span> <span class='ocrx_word' id='word_1_110' title='bbox 121 2177 192 2220; x_wconf 86' lang='lat' dir='ltr'>eum</span> <span class='ocrx_word' id='word_1_111' title='bbox 202 2158 361 2239; x_wconf 87' lang='lat' dir='ltr'>perspicuo</span> <span class='ocrx_word' id='word_1_112' title='bbox 372 2158 522 2219; x_wconf 77' lang='lat' dir='ltr'>lustrasset</span> <span class='ocrx_word' id='word_1_113' title='bbox 532 2155 646 2215; x_wconf 89' lang='lat' dir='ltr'>lumine</span> <span class='ocrx_word' id='word_1_114' title='bbox 658 2165 799 2229; x_wconf 81' lang='lat' dir='ltr'>moestos,</span> 
     </span>
     <span class='ocr_line' id='line_1_21' title="bbox 44 2246 715 2335; baseline -0.007 -24"><span class='ocrx_word' id='word_1_115' title='bbox 44 2247 198 2331; x_wconf 86' lang='lat' dir='ltr'>Perquirit</span> <span class='ocrx_word' id='word_1_116' title='bbox 211 2271 325 2329; x_wconf 82' lang='lat' dir='ltr'>causas,</span> <span class='ocrx_word' id='word_1_117' title='bbox 340 2252 476 2335; x_wconf 80' lang='lat' dir='ltr'>cogitque</span> <span class='ocrx_word' id='word_1_118' title='bbox 490 2248 605 2312; x_wconf 84' lang='lat' dir='ltr'>occulta</span> <span class='ocrx_word' id='word_1_119' title='bbox 619 2246 715 2307; x_wconf 82' lang='lat' dir='ltr'>lateri.</span> 
     </span>
     <span class='ocr_line' id='line_1_22' title="bbox 44 2342 848 2425; baseline -0.012 -16"><span class='ocrx_word' id='word_1_120' title='bbox 44 2342 201 2409; x_wconf 84' lang='lat' dir='ltr'>Continuo</span> <span class='ocrx_word' id='word_1_121' title='bbox 214 2344 265 2425; x_wconf 83' lang='lat' dir='ltr'>qui</span> <span class='ocrx_word' id='word_1_122' title='bbox 275 2345 344 2406; x_wconf 81' lang='lat' dir='ltr'>rina</span> <span class='ocrx_word' id='word_1_123' title='bbox 353 2346 441 2407; x_wconf 88' lang='lat' dir='ltr'>dabat</span> <span class='ocrx_word' id='word_1_124' title='bbox 453 2355 593 2406; x_wconf 86' lang='lat' dir='ltr'>consueta</span> <span class='ocrx_word' id='word_1_125' title='bbox 605 2354 751 2425; x_wconf 80' lang='lat' dir='ltr'>tyranno,</span> <span class='ocrx_word' id='word_1_126' title='bbox 844 2384 848 2391; x_wconf 81' lang='lat'><em>.</em></span> 
     </span>
     <span class='ocr_line' id='line_1_23' title="bbox 20 2434 800 2519; baseline -0.01 -18"><span class='ocrx_word' id='word_1_127' title='bbox 20 2462 25 2469; x_wconf 93' lang='lat'>·</span> <span class='ocrx_word' id='word_1_128' title='bbox 40 2434 225 2519; x_wconf 84' lang='lat' dir='ltr'><strong>Eloquitur,</strong></span> <span class='ocrx_word' id='word_1_129' title='bbox 240 2459 305 2519; x_wconf 84' lang='lat' dir='ltr'>quae</span> <span class='ocrx_word' id='word_1_130' title='bbox 316 2440 379 2500; x_wconf 84' lang='lat' dir='ltr'>visa</span> <span class='ocrx_word' id='word_1_131' title='bbox 391 2439 490 2499; x_wconf 84' lang='lat' dir='ltr'>forent</span> <span class='ocrx_word' id='word_1_132' title='bbox 500 2437 556 2498; x_wconf 84' lang='lat' dir='ltr'>sub</span> <span class='ocrx_word' id='word_1_133' title='bbox 568 2447 657 2496; x_wconf 85' lang='lat' dir='ltr'>nocte</span> <span class='ocrx_word' id='word_1_134' title='bbox 670 2452 800 2515; x_wconf 84' lang='lat' dir='ltr'>sopora:</span> 
     </span>
     <span class='ocr_line' id='line_1_24' title="bbox 40 2527 787 2610; baseline -0.016 -10"><span class='ocrx_word' id='word_1_135' title='bbox 40 2534 221 2600; x_wconf 82' lang='lat' dir='ltr'>Cemebam</span> <span class='ocrx_word' id='word_1_136' title='bbox 234 2531 324 2593; x_wconf 79' lang='lat' dir='ltr'>viridi</span> <span class='ocrx_word' id='word_1_137' title='bbox 334 2532 525 2593; x_wconf 86' lang='lat' dir='ltr'>lrondentern</span> <span class='ocrx_word' id='word_1_138' title='bbox 538 2528 661 2610; x_wconf 80' lang='lat' dir='ltr'>palmite</span> <span class='ocrx_word' id='word_1_139' title='bbox 673 2527 787 2602; x_wconf 89' lang='lat' dir='ltr'>ritem,</span> 
     </span>
     <span class='ocr_line' id='line_1_25' title="bbox 38 2622 792 2707; baseline -0.013 -17"><span class='ocrx_word' id='word_1_140' title='bbox 38 2628 131 2690; x_wconf 85' lang='lat' dir='ltr'>Dum</span> <span class='ocrx_word' id='word_1_141' title='bbox 143 2625 256 2707; x_wconf 82' lang='lat' dir='ltr'>serpit,</span> <span class='ocrx_word' id='word_1_142' title='bbox 267 2644 399 2705; x_wconf 83' lang='lat' dir='ltr'>ueraque</span> <span class='ocrx_word' id='word_1_143' title='bbox 410 2645 464 2687; x_wconf 87' lang='lat' dir='ltr'>suo</span> <span class='ocrx_word' id='word_1_144' title='bbox 477 2625 514 2685; x_wconf 90' lang='lat' dir='ltr'>de</span> <span class='ocrx_word' id='word_1_145' title='bbox 529 2624 653 2685; x_wconf 85' lang='lat' dir='ltr'>verbere</span> <span class='ocrx_word' id='word_1_146' title='bbox 666 2622 792 2703; x_wconf 82' lang='lat' dir='ltr'>pendet,</span> 
     </span>
     <span class='ocr_line' id='line_1_26' title="bbox 39 2718 741 2803; baseline -0.013 -19"><span class='ocrx_word' id='word_1_147' title='bbox 39 2720 232 2803; x_wconf 83' lang='lat' dir='ltr'>Pampineos</span> <span class='ocrx_word' id='word_1_148' title='bbox 243 2720 321 2783; x_wconf 90' lang='lat' dir='ltr'>inter</span> <span class='ocrx_word' id='word_1_149' title='bbox 332 2719 422 2782; x_wconf 82' lang='lat' dir='ltr'>flexus</span> <span class='ocrx_word' id='word_1_150' title='bbox 436 2732 495 2781; x_wconf 84' lang='lat' dir='ltr'>tres</span> <span class='ocrx_word' id='word_1_151' title='bbox 507 2719 602 2781; x_wconf 82' lang='lat' dir='ltr'>alfere</span> <span class='ocrx_word' id='word_1_152' title='bbox 614 2718 741 2790; x_wconf 86' lang='lat' dir='ltr'>fundos,</span> 
     </span>
     <span class='ocr_line' id='line_1_27' title="bbox 42 2809 718 2897; baseline -0.019 -18"><span class='ocrx_word' id='word_1_153' title='bbox 42 2815 176 2896; x_wconf 83' lang='lat' dir='ltr'>Uvaque</span> <span class='ocrx_word' id='word_1_154' title='bbox 187 2825 326 2877; x_wconf 82' lang='lat' dir='ltr'>nectareo</span> <span class='ocrx_word' id='word_1_155' title='bbox 338 2813 489 2897; x_wconf 81' lang='lat' dir='ltr'>pendebat</span> <span class='ocrx_word' id='word_1_156' title='bbox 500 2809 576 2872; x_wconf 85' lang='lat' dir='ltr'>flava</span> <span class='ocrx_word' id='word_1_157' title='bbox 586 2826 718 2871; x_wconf 84' lang='lat' dir='ltr'>racemo.</span> 
     </span>
    </p>
   </div>
   <div class='ocr_carea' id='block_1_5' title="bbox 39 2900 908 3181">
    <p class='ocr_par' dir='ltr' id='par_1_6' title="bbox 39 2900 908 3181">
     <span class='ocr_line' id='line_1_28' title="bbox 39 2900 711 2992; baseline -0.021 -20"><span class='ocrx_word' id='word_1_158' title='bbox 39 2910 122 2972; x_wconf 88' lang='lat' dir='ltr'>lude</span> <span class='ocrx_word' id='word_1_159' title='bbox 135 2907 211 2970; x_wconf 86' lang='lat' dir='ltr'>ealix</span> <span class='ocrx_word' id='word_1_160' title='bbox 222 2908 315 2992; x_wconf 79' lang='lat' dir='ltr'>regis,</span> <span class='ocrx_word' id='word_1_161' title='bbox 330 2927 390 2988; x_wconf 89' lang='lat' dir='ltr'>quo</span> <span class='ocrx_word' id='word_1_162' title='bbox 400 2905 486 2967; x_wconf 86' lang='lat' dir='ltr'>mitia</span> <span class='ocrx_word' id='word_1_163' title='bbox 499 2902 608 2984; x_wconf 85' lang='lat' dir='ltr'>poeula</span> <span class='ocrx_word' id='word_1_164' title='bbox 617 2900 711 2975; x_wconf 85' lang='lat' dir='ltr'>libat,</span> 
     </span>
     <span class='ocr_line' id='line_1_29' title="bbox 44 2994 854 3085; baseline -0.015 -20"><span class='ocrx_word' id='word_1_165' title='bbox 44 3000 217 3085; x_wconf 79' lang='lat' dir='ltr'>Spumabat</span> <span class='ocrx_word' id='word_1_166' title='bbox 231 3014 335 3063; x_wconf 86' lang='lat' dir='ltr'>tenero</span> <span class='ocrx_word' id='word_1_167' title='bbox 346 3045 357 3078; x_wconf 93' lang='lat'><strong>,</strong></span> <span class='ocrx_word' id='word_1_168' title='bbox 369 2999 449 3082; x_wconf 87' lang='lat' dir='ltr'>quod</span> <span class='ocrx_word' id='word_1_169' title='bbox 462 2994 570 3079; x_wconf 83' lang='lat' dir='ltr'>pressit</span> <span class='ocrx_word' id='word_1_170' title='bbox 582 2995 701 3065; x_wconf 85' lang='lat' dir='ltr'>dextera</span> <span class='ocrx_word' id='word_1_171' title='bbox 712 3034 721 3066; x_wconf 97' lang='lat'><strong>,</strong></span> <span class='ocrx_word' id='word_1_172' title='bbox 732 3001 854 3067; x_wconf 75' lang='lat' dir='ltr'>musto,</span> 
     </span>
     <span class='ocr_line' id='line_1_30' title="bbox 50 3088 908 3181; baseline -0.012 -19"><span class='ocrx_word' id='word_1_173' title='bbox 50 3095 159 3177; x_wconf 75' lang='lat' dir='ltr'>Quem</span> <span class='ocrx_word' id='word_1_174' title='bbox 171 3097 313 3161; x_wconf 85' lang='lat' dir='ltr'>domiuus</span> <span class='ocrx_word' id='word_1_175' title='bbox 325 3109 468 3181; x_wconf 88' lang='lat' dir='ltr'>prorupta</span> <span class='ocrx_word' id='word_1_176' title='bbox 480 3103 652 3174; x_wconf 84' lang='lat' dir='ltr'>susceptum</span> <span class='ocrx_word' id='word_1_177' title='bbox 663 3088 766 3173; x_wconf 85' lang='lat' dir='ltr'>palma</span> <span class='ocrx_word' id='word_1_178' title='bbox 779 3089 908 3153; x_wconf 81' lang='lat' dir='ltr'>tenebat.</span> 
     </span>
    </p>
   </div>
   <div class='ocr_carea' id='block_1_6' title="bbox 0 0 1014 3714">
    <p class='ocr_par' dir='ltr' id='par_1_7' title="bbox 0 0 1014 3714">
     <span class='ocr_line' id='line_1_31' title="bbox 0 0 1014 3714; baseline 0 0"><span class='ocrx_word' id='word_1_179' title='bbox 0 0 1014 3714; x_wconf 95' lang='lat' dir='ltr'> </span> 
     </span>
    </p>
   </div>
  </div>
 </body>
</html>
