2018 3714
15 283 129 347 r.17.·
194 271 371 326 COMMEN'I‘.
387 272 724 326 mouumentum.
840 260 897 322 133

14 368 162 429 Attamen
176 365 284 429 officiis
295 366 451 440 venerari,
466 379 495 427 et
507 355 633 426 munere
644 366 756 449 gaudet.

14 460 86 542 Qui
97 460 231 546 lymphis
244 460 364 520 tandem
377 460 419 521 sic
433 457 463 519 N
467 479 504 520 oe
516 458 623 520 ellatur
635 458 799 542 ademptist

56 554 127 616 Etsi
140 573 233 636 parra
244 553 318 628 fuit,
330 566 413 614 tanto
425 573 482 634 pro
494 554 640 628 crimine,
653 574 748 634 poenae

14 647 130 724 Ultio,
144 647 312 710 vindicibus
324 646 449 728 pluviis,
463 646 596 726 coeloque
608 648 707 708 reluso

13 741 85 802 Tot
95 741 241 815 scelerum
254 743 407 807 damnasse
419 763 504 817 reos,
517 743 677 821 sedemque
688 753 847 803 nocentem

16 835 201 912 Terrarum,
215 855 300 920 mage
313 836 421 898 diffuso
432 857 570 920 purgasse
583 836 734 918 profundo
747 858 756 895 ι

13 928 94 990 Non
107 941 209 990 tamen
220 929 328 991 oliensi
340 929 482 991 feriemus
494 931 618 991 verbere
635 929 686 990 tali

20 1021 158 1085 Ulterius
171 1022 298 1084 mortale
310 1043 402 1107 genus
416 1046 423 1083 :
437 1022 571 1103 quamvis
582 1023 708 1084 ruituras

19 1112 86 1176 Per
97 1115 210 1177 varium
224 1116 355 1190 lacinus,
367 1136 423 1200 per
434 1117 560 1178 crimina
571 1116 695 1197 pristina
709 1137 807 1178 rursus

21 1206 180 1271 Humanas
193 1225 309 1272 mentes
320 1212 454 1286 rideam,
466 1223 625 1294 gentesque
637 1210 794 1291 profanas,

22 1302 100 1365 Non
107 1316 207 1365 tamen
219 1305 332 1366 interca
345 1305 469 1368 cessabit
481 1306 598 1365 dextera
610 1304 732 1377 vindex,

12 1393 179 1478 'Supplicia
191 1397 305 1480 injustis
318 1420 382 1478 qnae
395 1399 515 1472 reddat,
528 1398 652 1479 praemia
664 1397 756 1479 justis.

18 1488 88 1551 Vos
98 1491 206 1575 igitur,
218 1512 293 1573 quos
305 1493 363 1553 vita
376 1492 483 1574 probat
496 1490 654 1573 justissima
665 1490 770 1566 nobis,

23 1580 161 1646 Crescite
170 1628 181 1660 ,
190 1585 287 1647 securi
297 1598 327 1647 et
339 1586 464 1648 secunda
477 1584 563 1665 prolc
574 1584 682 1645 relcrte

20 1675 122 1750 Arra,
136 1698 285 1758 novosque
295 1698 397 1761 greges
408 1677 503 1761 longis
515 1679 672 1738 distendito
682 1677 777 1739 terris.

20 1767 193 1832 servabunt
205 1770 350 1832 elementa
362 1771 459 1848 vices,
473 1772 642 1851 cunctisque
657 1772 760 1833 diebus

19 1862 141 1944 Sparsis
151 1865 314 1926 seminibus
326 1867 464 1926 reddetur
477 1865 574 1925 debita
588 1866 700 1926 messis.

20 1955 133 2019 Cesset
144 1977 222 2038 opus
233 1960 337 2020 mnndi
348 1979 490 2040 compar,
503 1959 689 2020 discordibus
700 1959 791 2020 boris.

18 2047 133 2112 AEstati
145 2051 273 2113 certabit
285 2052 397 2128 hiems,
413 2073 448 2114 ac
461 2064 599 2133 tempora
610 2052 722 2112 librans

18 2145 105 2206 Veris
118 2157 150 2205 et
163 2146 298 2206 autumni
309 2146 424 2229 fugiens
435 2145 630 2226 replicabitur
641 2165 743 2205 annus.

21 2232 142 2319 Vosque
157 2236 290 2318 (quibus
301 2258 425 2322 regnum
437 2237 524 2298 solidi
537 2238 729 2320 permisimus
742 2237 852 2318 orbis)
924 2240 928 2249 '

22 2326 99 2393 'l'ota
110 2343 240 2407 tremet,
254 2326 423 2413 memetque
434 2320 529 2412 ampli
539 2331 700 2393 substantia
712 2332 828 2392 mundi.

21 2420 189 2507 Imperium
202 2445 272 2488 ecce
284 2427 386 2487 damus
399 2425 543 2498 robisres
556 2446 677 2507 prorsus
689 2426 720 2485 in
731 2446 856 2502 omnes,

22 2512 232 2601 'lotquc'inter
243 2519 358 2600 species
369 2540 470 2580 rerum
482 2544 489 2579 ι
501 2542 566 2600 quae
577 2532 684 2601 sponte
698 2534 857 2582 morentur

27 2606 138 2675 Caroea
151 2613 291 2674 membra
302 2613 423 2693 quidem
436 2627 548 2674 vestros
559 2612 704 2698 largimur
713 2602 841 2689 inuans,

25 2705 208 2791 Quanquam
264 2707 414 2768 interdum
426 2707 511 2769 robis
521 2728 539 2767 a
551 2708 691 2791 sangnine
704 2705 764 2767 vivi

20 2797 90 2867 boe
100 2800 193 2864 volo:
206 2821 296 2879 quem
307 2802 332 2861 si
344 2801 499 2880 quisquam
512 2801 623 2875 ederit,
633 2799 714 2859 baud
727 2817 809 2859 secus
821 2795 897 2862 acria

15 2878 108 2955 lllurn
121 2892 230 2980 judicii
244 2892 353 2974 plectet
364 2895 528 2968 sententia,
540 2913 630 2972 quam
642 2892 668 2952 si

14 2982 166 3051 ll'auaerit
176 2987 307 3050 bomem
319 2984 444 3049 fluidum
456 2984 493 3048 de
506 2988 586 3050 coede
599 3004 755 3048 cruorem:

14 3080 124 3166 Quem
136 3091 277 3166 repetam
290 3102 410 3166 semper
422 3080 549 3158 vindex,
563 3081 697 3161 adeoque
707 3079 876 3161 requiram,
