2018 3714
11 287 136 355 ’.ὅθι
339 298 589 357 cuuusts.
839 294 902 358 303

11 388 167 473 Cumque
178 391 259 453 virus
268 390 360 453 simili
373 393 520 456 lustrasset
532 415 660 477 corpore
674 396 786 476 claros,

11 483 145 548 Pronus
157 486 295 551 adoratos
306 500 446 548 consuete
456 490 493 549 ad
506 488 612 549 limina
622 491 718 567 duxit,

11 577 177 663 optantes
186 578 287 641 medis
298 580 398 661 potius
410 581 544 644 habitare
558 582 674 663 platee,

11 670 122 757 Azym
135 691 210 752 quos
221 673 304 759 tenui
316 674 354 734 de
366 672 481 755 polline
493 676 620 737 candide
633 677 745 757 pascit:

11 760 193 850 sopitaque
204 764 313 828 dehinc
324 780 511 847 compununt
523 769 661 829 membre
673 770 775 830 cubili.

11 856 107 923 Ecce
122 859 223 921 furens
235 872 296 921 totu
308 861 460 940 procurrit
474 863 559 923 turbs
572 861 756 923 Gomorrhae
769 905 779 938 ,

16 950 183 1015 Seditioue
191 952 268 1014 truci
277 953 464 1015 circumdans
477 955 551 1014 atria
564 953 658 1029 Lodi,

18 1044 125 1125 Atque
137 1045 218 1108 viros
230 1065 356 1127 poscens
368 1047 483 1106 tumido
498 1045 622 1127 dilitigat
635 1067 696 1107 ore.

20 1134 82 1199 llle
92 1158 214 1200 memor
223 1138 306 1220 pacis
316 1150 408 1204 tentet
419 1138 539 1199 mollire
552 1138 727 1217 frementes,

24 1228 125 1312 Atque
135 1232 228 1293 etiem
239 1244 323 1293 netas
334 1233 442 1314 cupide
456 1232 644 1293 dementibus
657 1233 763 1309 ollert,

26 1319 72 1385 Ut
82 1324 168 1389 licito
178 1326 278 1407 potius
291 1325 358 1386 luxu
371 1346 511 1408 perverse
523 1325 659 1406 voluptas

25 1414 171 1495 AEstnet,
183 1439 202 1482 a
213 1418 306 1480 simili
319 1419 487 1502 disjungens
499 1420 597 1499 turpie
608 1440 687 1480 sexu.

25 1506 85 1575 Seu
98 1512 146 1573 nil
157 1512 235 1576 uicta
247 1502 388 1589 movent,
400 1512 577 1596 franguntur
589 1513 694 1573 limina
707 1511 808 1589 ferro,

23 1602 68 1679 tc
86 1606 162 1666 dum
174 1625 207 1667 se
218 1605 404 1689 glomerent,
419 1607 490 1666 (lum
504 1606 594 1666 fortia
609 1606 734 1668 claustra
746 1604 902 1683 revellunt,
993 1656 996 1663 .

19 1692 158 1760 Lumina
169 1711 253 1780 septe
265 1698 322 1759 sibi
335 1698 429 1779 piceis
437 1719 577 1782 gemuere
590 1699 732 1759 tenebris.

15 1785 86 1853 His
98 1789 189 1867 actis,
203 1790 319 1852 auferre
333 1791 438 1871 procul
451 1811 502 1853 sua
514 1793 639 1874 pignora
650 1793 760 1872 jussus,

11 1879 135 1947 Invitat
146 1902 271 1967 generes
283 1904 371 1945 seusu
384 1897 522 1964 torpente
535 1872 683 1966 negantes.

10 1977 122 2059 Quod
132 1989 233 2039 temen
245 1977 361 2039 assiduo
374 1977 472 2058 potuit
481 1997 567 2036 mens
578 1977 686 2037 blande
699 1994 822 2058 rogare,

11 2066 138 2131 Eduxit
149 2082 230 2131 nutes
241 2088 308 2132 cera
321 2069 464 2152 genitrice
476 2081 651 2147 sequentes,

15 2161 71 2227 Ae
84 2163 158 2224 dum
170 2162 377 2245 progreditur,
392 2163 464 2223 dum
476 2162 590 2223 scandit
602 2160 732 2222 culmina
746 2158 831 2220 collis

20 2252 193 2337 Oppositi,
206 2275 366 2333 secumque
373 2267 474 2333 putat,
488 2254 560 2334 quid
571 2254 679 2314 deinde
693 2264 851 2329 sequatur,

19 2346 156 2409 femine
170 2361 237 2428 post
248 2359 364 2430 tergum
375 2348 486 2427 positas
500 2348 571 2407 dum
583 2345 705 2426 respicit
717 2364 819 2419 arces,

18 2437 175 2521 Diriguit‚
189 2440 381 2520 speciemque
394 2439 462 2500 salis
475 2460 532 2520 pro
547 2434 674 2520 c‘urpore
686 2437 820 2519 sumpsit.
881 2450 886 2455 ·

18 2532 82 2594 llle
92 2531 173 2593 subit
185 2532 272 2594 celsus
283 2552 403 2594 securus
415 2543 491 2593 tecte
503 2531 647 2615 Segorrae.

20 2623 103 2687 Mox
114 2624 213 2708 linger
224 2625 384 2686 horrisono
395 2627 432 2685 de
444 2625 540 2686 sidere
552 2625 677 2687 fulmina
689 2637 850 2703 torquens,

23 2715 261 2800 Sulphureusque
272 2731 362 2780 ruunt
374 2717 456 2778 olido
470 2740 539 2782 cum
552 2719 671 2780 turbine
682 2717 830 2788 flammae,

23 2810 107 2891 Quae
117 2811 232 2893 pariter
244 2822 347 2872 muro's
359 2855 368 2887 ,
380 2825 467 2892 atque
480 2814 571 2873 ardue
583 2810 715 2875 culmina
727 2809 872 2868 lambunt.

24 2901 182 2965 Omnibus
195 2904 225 2966 in
240 2904 373 2966 cinerem
386 2904 477 2967 celeri
490 2924 559 2967 cum
570 2903 636 2963 lube
649 2899 793 2976 revulsis,

25 2994 180 3059 Cernebat
193 2997 282 3057 rutilo
295 3010 430 3081 surgente
444 2996 553 3058 vertice
566 2994 701 3055 flammas

23 3087 155 3152 Emiuus
167 3089 336 3169 Abremus,
349 3089 480 3152 memori
490 3109 558 3153 cum
571 3100 694 3170 pectore
705 3097 854 3161 tractans,
