2046 3712
49 318 119 381 1032
317 327 584 383 elunttrtt.
827 314 886 377 381

49 424 154 497 embra
164 419 275 501 quatit,
289 420 406 501 quoties
419 423 521 483 animo
535 417 803 502 peccaterevolvo.

49 536 97 581 mc
110 514 264 590 animam,
276 514 366 575 tantis
377 536 443 593 quae
454 527 510 576 stat
523 514 654 595 subjecta
666 511 808 592 procellis

49 606 113 695 ige,
130 621 161 670 et
175 608 301 669 obscuro
313 609 364 688 pia
374 609 457 690 virgo
470 628 486 668 e
500 626 620 669 carcere
633 605 725 666 solre.

49 722 96 765 nr
109 714 143 763 et
153 701 200 761 ira
212 699 291 761 male
301 700 412 782 fugiant
424 703 462 761 de
473 712 596 781 pectore
609 720 695 760 curae.

58 816 120 858 me
133 792 238 856 oculos
251 806 391 855 converte
403 813 506 876 graves
518 793 657 852 miserata
671 789 790 851 labores

49 910 113 972 pue
125 888 305 962 hominurn,
316 887 478 965 miserique
490 906 595 966 preces
606 905 665 944 neu
674 883 793 964 despice
801 886 890 957 servi;

49 1003 104 1045 rce
120 980 259 1042 animum
271 999 389 1040 versare
399 980 501 1055 dolos,
513 1001 564 1040 me
577 979 657 1059 pelle
668 981 831 1042 tremendis

49 1076 167 1157 itibus,
177 1073 314 1133 ardentes
329 1073 469 1144 odiorum
483 1064 765 1155 exstingue'savillas.

49 1186 144 1247 nque
156 1163 290 1225 animam
302 1166 483 1225 commendo
497 1164 554 1224 tibi
566 1184 635 1226 cum
648 1183 777 1245 corpore
789 1165 871 1250 virgo

49 1270 307 1327 temerata-meam
320 1257 428 1320 divinae
440 1257 515 1319 lucis
525 1269 672 1342 egentem.

97 1398 160 1451 111.
183 1397 459 1457 ltu-suncanto
485 1395 720 1452 MATUTINA
748 1397 801 1449 AD

285 1512 510 1553 onmrorrurrsru
526 1513 616 1553 nunu·

49 1630 254 1694 mortens,
266 1636 356 1697 quem
366 1629 468 1679 mente
480 1617 566 1692 colo,
578 1630 664 1698 pater
673 1593 761 1680 unice
773 1629 893 1692 rerumj

49 1724 152 1775 rorate
161 1710 249 1771 malis
261 1721 292 1771 et
301 1709 377 1770 nulli
388 1710 488 1792 ignote
498 1709 640 1789 piorum,

49 1803 189 1885 incipio,
201 1815 511 1881 extremoque-carens
523 1803 674 1880 antiquior
686 1821 750 1865 aevo

49 1895 193 1971 insiluit,
206 1908 257 1956 aut
268 1895 382 1966 veniet;
396 1897 478 1976 cujus
489 1894 695 1975 formamque,
707 1895 893 1972 modumque

49 2011 80 2053 ec
92 2008 181 2065 mens
193 1988 356 2069 complecti
366 1987 492 2069 poterit,
507 2008 564 2050 nec
576 1987 675 2071 lingua
686 1987 818 2068 prosari3
858 1970 862 1983 ⁸

49 2100 169 2157 unere,
183 2102 274 2163 quem
287 2081 385 2156 solus,
399 2082 676 2159 coramquc·audire
689 2080 845 2161 jubentem

49 2175 192 2251 ebibet,
206 2187 236 2235 et
248 2174 375 2255 patriam
388 2186 514 2254 propter
528 2174 683 2235 considere
698 2173 832 2233 dextram

49 2289 89 2329 nn
99 2267 202 2351 genito
214 2266 349 2350 genitore
362 2264 463 2342 Deus,
478 2266 529 2344 qui
543 2266 646 2326 fraude
659 2265 782 2346 superbi

49 2359 279 2441 ll'ens'uspopuli
291 2371 393 2443 gentes
406 2359 437 2418 in
448 2379 538 2440 regna
550 2358 686 2433 vocavit,

49 2453 124 2535 irpis
136 2452 283 2531 adoptivae
295 2452 421 2511 meliore
434 2470 567 2532 propage
580 2449 742 2526 colendus,

49 2564 151 2607 tmere
164 2564 256 2624 quern
265 2542 350 2604 licuit
362 2543 482 2622 proavis
496 2563 560 2620 quo
567 2544 692 2603 numine
704 2543 768 2606 viso
777 2585 796 2618 ‚.

49 2648 183 2717 :patrem
192 2635 300 2695 vidisse
313 2635 432 2709 datum,
445 2637 581 2717 contagia
593 2649 694 2695 nostra

49 2729 78 2789 ui
90 2725 177 2803 tulit,
192 2739 222 2787 et
235 2726 293 2786 diri
304 2747 404 2807 passus
415 2726 545 2787 ludibria
558 2727 630 2787 lethi

49 2840 86 2881 tsc
101 2819 161 2881 iter
172 2831 291 2880 aeternae
304 2819 405 2880 docuit
417 2819 582 2881 remeabile
594 2819 680 2880 vitae..

49 2931 81 2974 ec
92 2911 189 2973 solam
202 2931 337 2972 remeare
350 2913 497 2987 animam,
509 2912 561 2972 sed
574 2928 703 2990 corpore
713 2922 778 2971 toto

49 3002 161 3067 alestes
172 3003 285 3065 intrare
298 3004 414 3086 plagas,
429 3018 458 3064 et
470 3005 559 3064 inane
573 3003 725 3084 sepulcrip

49 3097 280 3167 innumerata
292 3098 470 3178 adopertum
483 3097 618 3176 linquere
629 3084 744 3169 terrisf'ss
