2018 3714
36 303 57 346 r.
70 280 144 346 315.
209 293 392 348 couneus.
407 297 444 348 ru
463 296 617 351 csunsru
634 297 697 351 nn.
711 301 743 353 u
851 311 906 374 129

12 386 286 465 ‘Consnndantque
300 387 399 462 cibos,
412 408 542 467 quorum
556 402 584 449 te
598 392 727 451 condere
738 412 793 472 par
805 406 848 453 est

26 477 162 542 Tantam
174 479 329 540 materiem
342 503 349 538 ε
364 500 434 539 nam
447 482 614 563 dispensata
625 484 751 562 receptis

25 572 79 635 Ne
92 573 210 647 desint,
224 584 362 652 praestare
373 594 477 633 meum
488 586 540 634 est.
559 574 633 635 llaec
645 590 746 636 mente
757 577 839 636 fideli

24 667 103 728 Noe
119 665 315 745 concipiens(
325 686 444 725 sensum
455 667 517 747 ipse
525 667 718 746 animumque
728 670 908 746 ministrans,

28 758 122 821 Velle
141 772 171 818 et
183 778 269 838 posse
280 749 368 819 dabat
379 759 509 832 famulo,
522 762 717 841 quodcunque
731 764 875 842 jubebat)

26 852 158 914 Jnssum
171 872 247 932 opus
258 851 438 934 aggreditur,
453 853 556 912 densas
568 869 757 932 prosternere
771 855 857 917 silvas

25 944 203 1026 Incipiens,
217 958 304 1024 atque
317 964 443 1005 annosas
456 946 647 1026 proscindere
662 969 796 1026 quercus.

29 1032 205 1101 Admittunt
215 1038 269 1099 luti
283 1040 398 1112 r'adios,
413 1039 585 1117 umbrisque
598 1039 712 1100 levatur

33 1130 190 1213 Campus,
205 1144 235 1192 et
247 1151 374 1210 aequaevo
388 1132 555 1212 spoliantur
569 1132 677 1190 robore
689 1131 787 1192 valles.

32 1223 96 1287 Sed
108 1245 178 1287 eum
189 1237 251 1284 tam
263 1224 357 1284 multo
371 1225 459 1285 luerit
470 1236 631 1305 properata
644 1223 747 1284 labore
757 1254 770 1297 ,·

32 1317 162 1379 Summa
174 1318 274 1399 operis
286 1318 374 1399 coepti
389 1331 508 1378 centum
525 1318 662 1376 dissertur
676 1320 706 1375 in
720 1337 832 1393 annos,

35 1411 78 1472 Ut
89 1412 174 1472 bona
185 1411 245 1473 vita
256 1432 398 1490 sequens,
412 1412 478 1472 vitae
490 1410 596 1471 delicta
609 1411 718 1491 prioris

30 1503 205 1591 Emendet,
220 1516 369 1582 mutatque
383 1505 462 1564 feros
474 1525 544 1585 gens
556 1504 649 1585 impia
663 1523 773 1564 mores.

33 1593 68 1656 O
83 1597 201 1668 miseri,
213 1616 286 1674 quos
296 1609 357 1655 tam
366 1599 447 1677 justae
460 1597 562 1655 dilatio
576 1618 671 1676 poenae

32 1687 110 1747 Plus
123 1688 191 1748 lacit
200 1708 260 1748 esse
275 1709 360 1748 reos:
376 1710 431 1749 nec
443 1691 575 1769 jamlpro
589 1689 716 1749 crimine
730 1701 845 1755 tanturn

32 1779 211 1856 Praeterito,
225 1793 254 1840 at
265 1780 351 1861 longe
363 1782 477 1862 gravius
490 1781 658 1860 plectentur
669 1783 709 1841 ob
727 1783 825 1861 ipsum

29 1873 199 1954 Temporis
213 1873 316 1933 indulti
330 1874 477 1952 spatium„
492 1873 668 1951 veniamque
681 1873 842 1954 neglectam
859 1896 866 1931 z

31 1965 117 2028 Cum
130 1977 283 2025 testaretur
295 1986 326 2025 se
339 1985 461 2044 parcere
472 1965 561 2023 malle
574 1965 717 2037 reversis,

30 2059 190 2138 Tempore
203 2056 293 2117 dilato
306 2056 468 2116 Dominus.
481 2056 553 2115 Jam
568 2055 650 2114 mule
664 2067 797 2135 peracta,

29 2150 173 2212 Machina
186 2150 336 2210 constabat
349 2149 474 2209 laterum
487 2169 631 2230 compage
645 2147 766 2227 capaci,

30 2241 202 2326 Diffugium
213 2243 293 2321 quod
303 2262 476 2322 supremum
491 2253 575 2320 pater
586 2241 650 2320 ipse
663 2254 780 2321 pararat

30 2335 201 2418 Naufragiis
213 2345 317 2395 natura
329 2335 402 2407 tuis,
419 2334 591 2414 rapidisque
603 2332 730 2393 fluentis.

70 2427 152 2489 'l’nm
166 2427 251 2488 Deus
265 2448 281 2487 e
296 2426 375 2490 celso
391 2425 538 2486 famulum
550 2426 684 2506 dignatus
698 2422 855 2509 Olympo,

29 2520 117 2582 Voce
128 2519 235 2581 nionet
248 2519 336 2594 Noe,
349 2539 500 2579 summum
511 2521 573 2601 jam
586 2531 704 2599 tempus
717 2520 835 2591 adesse,

33 2612 173 2676 Condere
185 2633 217 2673 se
227 2612 367 2685 latebris,
381 2624 466 2671 natos
482 2632 550 2673 cum
564 2631 672 2686 uxore,
687 2630 836 2689 nurusque

30 2704 157 2788 Eripere
171 2705 292 2765 instanti
305 2704 415 2778 exitio,
427 2705 591 2782 mortisque
603 2703 750 2774 tenebris,

31 2798 205 2877 Cunctaque
219 2798 343 2859 vivificis
357 2795 497 2856 animalia
508 2799 632 2858 reddere
646 2793 797 2857 claustris:

30 2881 100 2953 Sive
117 2911 154 2952 ea
167 2904 247 2952 terra
260 2891 358 2966 foret,
369 2910 421 2950 seu
434 2889 529 2951 clarus
540 2890 661 2951 sustinet
673 2907 745 2947 aer:

31 2983 161 3068 Singula
171 2982 209 3044 de
221 2972 341 3044 mundis
354 2996 491 3064 septena,
506 2996 536 3044 et
548 2982 661 3064 singula
671 2979 743 3041 bina

28 3076 73 3139 Ex
88 3078 126 3139 iis
139 3098 205 3158 qnae
217 3077 306 3141 sacris
319 3075 417 3138 minus
430 3089 518 3159 apta,
533 3075 687 3138 immunda
700 3085 851 3137 vocantur.
