2046 3712
47 248 57 309 t.
95 258 280 314 commus.
295 259 334 310 m
352 257 506 311 sennem
523 258 587 340 ne.
603 262 635 313 n.
740 248 798 307 ηε

47 351 173 421 tttscelno
182 369 246 413 esee
257 367 388 423 novum,
401 349 444 410 sic
457 349 567 429 impie,
581 351 623 412 sic
634 363 666 410 tu

47 443 96 506 lein
105 444 241 527 primore
251 462 365 505 novum
375 443 453 531 caede
467 443 562 503 inficis
577 444 682 505 orbem
696 473 702 506 :

47 548 229 620 ttoerpetuas
238 556 340 617 poenas
351 538 412 617 jam
424 549 521 596 morte
533 537 645 597 solutus

47 650 150 710 nonque
161 629 264 704 dahis,
278 627 364 710 longe
376 640 513 708 serpente
525 630 655 688 nefando

47 721 93 799 ior,
103 736 152 785 toa
160 723 303 784 metimur
312 723 355 784 sic
369 721 514 782 crimina:
529 742 659 802 namque

47 815 102 887 tillo
110 837 216 879 necem
228 815 335 890 nobis,
349 836 411 875 non
423 814 540 875 intulit:
552 827 650 874 atnoe

47 910 227 984 massaum,
242 922 274 968 tu
283 928 355 970 vero
367 908 444 969 hanc
455 908 593 989 primitus
606 909 707 970 infers.

47 999 97 1063 tillo
107 1005 211 1085 pejor,
221 1001 308 1063 vitari
320 1001 457 1088 publicos
465 1001 558 1061 hostis

47 1092 153 1174 lpotoitt
166 1109 204 1163 to,
210 1095 341 1176 privatus
355 1093 436 1153 nulla
449 1107 512 1154 arte
524 1095 620 1155 caveri

47 1199 153 1263 poteram
169 1187 250 1267 Quis
261 1187 343 1248 enim
354 1186 462 1248 dilecto
476 1208 494 1246 a
506 1188 596 1248 fratre
610 1187 753 1250 timeret?

47 1280 150 1342 tonulla
158 1293 204 1342 est
214 1280 345 1341 hominis
357 1292 420 1340 tam
431 1281 496 1340 dira
506 1280 626 1340 nefandi

47 1371 146 1441 =,Deos
155 1362 249 1454 eoam
258 1393 319 1434 non
333 1375 436 1434 onirno
449 1373 595 1435 clemente
609 1373 755 1450 remittat,

47 1465 78 1527 do
86 1468 226 1549 preniteat
237 1467 326 1528 facti:
339 1468 419 1546 quod
431 1480 503 1528 teste
518 1467 615 1529 Caino

47 1556 124 1634 mos,
138 1580 229 1639 quem
240 1572 311 1627 tnnc
321 1559 450 1620 fraterna
462 1561 542 1621 coede
556 1562 725 1621 madentem

47 1652 176 1735 odignom
187 1652 290 1712 habuit
301 1657 403 1731 (tanta
413 1666 457 1726 est
467 1653 623 1715 clementia
634 1660 647 1733 )
660 1676 723 1716 sese

47 1744 236 1824 morchere,
250 1745 322 1822 quin
332 1745 441 1806 blanda
451 1766 524 1807 voce
535 1760 688 1830 rogatum,

58 1839 107 1899 obi
119 1822 188 1899 suus
200 1837 251 1898 ille
264 1838 358 1913 foret,
369 1838 539 1919 facinusque
552 1853 708 1922 negantem

53 1974 63 2005 ‚
77 1944 106 1991 et
116 1932 221 1992 leviter
234 1944 314 1991 tanto
327 1951 383 2010 pro
397 1922 522 1992 crimine
535 1935 630 2012 punit.

47 2023 187 2106 rofugum
193 2034 307 2084 tantum
317 2037 403 2104 atque
413 2038 559 2085 extorrem
569 2027 606 2086 ab
618 2039 743 2106 utroque
754 2047 809 2109 pa-

100 2129 186 2177 rente
789 2153 793 2159 ·

47 2230 69 2270 rs
80 2210 237 2283 amandat,
247 2222 397 2288 vastasque
412 2209 521 2292 relegat
535 2211 567 2271 in
578 2231 664 2287 oras,

47 2316 72 2365 et
82 2322 101 2364 a
112 2303 217 2382 patriis
228 2303 384 2365 confestim
397 2305 537 2366 excedere
549 2308 645 2367 terris.

47 2397 110 2456 iam
123 2394 209 2478 longe
220 2397 330 2456 misero
344 2395 471 2456 feliciter
484 2397 515 2456 in
529 2418 562 2459 re

47 2508 138 2549 cans:
152 2489 271 2571 gravior
282 2508 352 2547 nam
364 2487 458 2549 multo
472 2502 516 2573 est
528 2511 616 2570 poena
628 2491 721 2553 videri

47 2580 152 2655 elices,
168 2594 197 2641 et
208 2601 284 2661 pura
297 2593 396 2641 mente
410 2581 512 2642 beatos

47 2694 85 2749 o,
98 2686 169 2754 post
181 2674 376 2755 supplicium,
391 2675 516 2753 factique
529 2679 686 2757 pudorem.

55 2767 95 2825 sit
111 2765 245 2827 exsilium
258 2765 368 2839 levius,
381 2787 481 2826 comes
494 2770 610 2828 additur
622 2789 695 2829 uxor

47 2880 84 2920 eo
98 2859 218 2933 forsan,
232 2881 269 2918 ne
283 2861 450 2939 desperatio
464 2862 560 2921 solum

47 2965 98 3013 :ret
111 2975 120 3012 ι
135 2965 198 3012 tum
213 2953 302 3012 etiam
316 2973 379 3030 quae
395 2954 480 3012 duras
492 2953 620 3033 pectoris
633 2955 701 3036 aegri

47 3058 79 3108 et
92 3064 198 3123 curae,
212 3058 242 3106 et
252 3057 335 3104 moto
350 3065 479 3126 corpore
491 3047 615 3109 fractum

642 3162 688 3200 11.
