2046 3712
96 269 157 339 228
403 278 432 337 C.
447 280 480 337 V.
496 284 529 337 A.
544 276 701 341 tutundi
871 298 892 339 r.
900 294 924 359 tp

91 382 159 444 lllic
171 375 330 459 expediens
341 377 481 458 populis,
493 377 631 440 mirabile
644 374 743 441 dian!

91 474 221 536 Justitiae
232 471 328 553 leges,
342 471 467 548 vitaeque
478 470 608 531 salubria
618 473 722 552 jussa,

92 566 227 651 Virtutes
238 565 347 647 patrias
360 562 450 624 simul
461 563 638 625 insinuando
649 564 795 627 ducebat.¹

89 658 179 721 Tune
190 659 284 718 livore
295 652 375 739 gravi
392 655 498 736 plebes
506 668 664 717 summota
675 672 825 735 suorum·

92 748 309 829 Praesentisque
323 749 412 809 simul
426 748 555 808 Domini
569 748 715 811 miracula
727 750 869 831 volvent,

91 845 133 907 Et
144 844 261 928 generis
270 843 335 902 noti
348 854 487 922 reputans
500 862 535 901 ex
549 841 655 901 ordine
666 856 813 924 gentem,

92 938 168 1000 Haec
181 939 258 997 inter
273 954 335 996 sese
350 935 493 994 mussanti
504 953 578 995 vuee
591 948 765 999 susurrant:

91 1030 205 1093 Nonne
215 1029 264 1090 hic
277 1039 320 1088 est
330 1027 408 1087 fabri
417 1025 552 1101 subules,
567 1027 615 1088 eui
627 1047 745 1107 nomeu
755 1026 882 1111 ldsephi

91 1124 165 1185 Non
176 1121 275 1181 Maria
284 1134 326 1182 est
335 1120 474 1203 genitrix?
481 1140 543 1180 nou
554 1118 680 1181 fratrum
691 1134 765 1182 nuta
778 1140 925 1209 propaget!

91 1215 184 1276 Unde
197 1214 284 1296 igitur
298 1213 369 1296 tegis
383 1213 508 1288 ductor,
522 1225 668 1292 tantaeque
681 1212 825 1279 minister

90 1308 238 1382 Virtutis,
252 1307 330 1368 cedit
341 1306 387 1366 cui
400 1305 481 1366 labes
493 1307 569 1367 victa
583 1305 749 1369 laborum?

90 1401 209 1462 Nazara
219 1401 262 1461 sic
271 1399 375 1480 plebes
388 1421 395 1456 t
409 1398 457 1460 eui
469 1398 540 1458 talia
551 1398 648 1460 reddit
661 1396 747 1461 Iesus
760 1422 770 1461 t

90 1494 279 1554 Temnuntur
293 1491 424 1572 propriis
436 1491 579 1553 miracula
595 1512 718 1572 semper
731 1494 763 1553 in
777 1494 856 1573 oris,

94 1586 135 1649 Et
146 1587 210 1647 sine
221 1586 337 1646 honore
349 1597 472 1644 manent
484 1584 581 1664 patria
592 1584 647 1645 sub
658 1587 731 1647 sede
746 1584 903 1671 Prophe!

92 1680 216 1741 Talibus
230 1678 384 1761 indignans
396 1677 502 1757 pressit
515 1696 565 1737 sua
578 1694 706 1738 munera
724 1674 872 1743 Christus.

132 1772 250 1831 Interea
261 1770 298 1829 ad
310 1789 412 1853 regern
424 1768 565 1829 volitabat
578 1768 656 1829 fama
669 1772 858 1851 superbum,

93 1866 186 1945 Quod
200 1864 277 1923 mala
291 1875 395 1924 cuncta
412 1862 490 1921 illius
503 1864 594 1923 virtus
608 1862 709 1921 divina
723 1864 870 1927 domaret.

93 1957 151 2019 Sed
168 1969 251 2039 putat
268 1957 423 2031 Herodes,
442 1955 512 2014 lethi
526 1957 605 2033 quud
619 1956 681 2038 lege
695 1958 840 2019 remissus

92 2051 206 2126 Tanta,
218 2063 251 2110 ut
265 2047 406 2123 loannes,
422 2048 536 2107 virtutis
549 2049 626 2107 dona
637 2061 763 2110 teneret.

90 2145 173 2205 Nam
187 2142 337 2224 quondam
350 2162 475 2202 cernens
488 2140 590 2199 liventi
605 2154 728 2220 pectore
743 2143 880 2223 daemom

90 2236 211 2297 Erroris
222 2235 320 2294 lahem
334 2234 416 2314 puris
433 2234 514 2311 quod
524 2233 652 2294 solveret
667 2236 757 2295 undis

89 2329 112 2389 J
115 2342 191 2390 ustus
205 2327 350 2402 Ioannes,
372 2326 487 2385 damnis
504 2345 626 2387 accensa
642 2326 798 2389 malorum

89 2421 176 2482 Tunc
189 2422 263 2500 petit
277 2419 433 2479 Herodem
448 2418 539 2501 pestis
551 2418 708 2479 saevissima
722 2441 844 2503 regem,

88 2513 129 2574 Et
142 2513 227 2574 facile
245 2513 343 2591 injusti
360 2523 519 2593 penetrans
530 2511 695 2572 habitacula
706 2514 829 2591 cordis,

88 2605 285 2669 Accumulare
298 2604 368 2663 feris
381 2603 488 2684 subigit
499 2604 610 2663 scelera
621 2605 714 2684 impia
723 2607 825 2686 gestis.

87 2700 207 2760 Arserat
223 2698 327 2758 illicito
345 2695 482 2755 Herodes
496 2716 632 2758 accensus
645 2718 750 2758 amore

87 2792 123 2852 ln
143 2791 287 2851 thalamos
301 2788 416 2862 fratris,
436 2801 539 2850 sancto
554 2792 632 2869 quod
645 2792 708 2869 jure
722 2791 845 2852 vetabat

88 2882 204 2944 Ductus
217 2883 353 2942 loannes.
371 2878 486 2940 Feritas
500 2883 552 2942 sed
565 2883 662 2944 nescia
676 2883 749 2943 recti

90 2972 222 3053 Subjeeit
235 2975 312 3054 leges
326 2971 470 3051 pedibus,
482 2973 647 3054 fruiturque
658 2975 796 3035 nefandis

91 3062 277 3142 Connubiis,
300 3064 458 3146 ipsumque
475 3085 583 3148 super,
598 3068 666 3147 quia
678 3087 771 3150 prava
780 3070 912 3143 vetabat,
