2018 3714
76 351 139 434 390
378 356 405 407 St
436 354 462 405 D
478 355 503 407 Α
518 355 550 407 Μ
563 356 589 407 Α
606 342 656 415 871
853 365 873 403 r.
885 363 914 423 tp.

76 452 204 524 Visere,
220 447 266 510 eui
278 466 418 530 magnum
431 448 500 507 satis
513 458 555 507 est
567 447 690 523 vixisse,
703 447 847 509 latentem.

76 543 225 616 Verbera,
236 540 343 615 vincla,
353 541 477 614 samem,
487 539 616 620 lapides,
626 540 802 620 rabiemque
813 541 923 603 ferarum.

79 634 368 699 Carceriselluriem
378 677 387 709 ,
398 634 509 716 virgas,
523 638 692 708 tormenta,
707 646 832 701 catenas.

75 729 291 811 Naufragium,
305 727 466 809 lacrymas,
477 725 623 807 serpentis
634 727 699 788 dira
711 748 842 803 venena,

80 819 224 903 Stigmata
235 840 295 878 non
309 819 410 878 timuit
422 831 542 899 portare
551 819 588 877 -in
601 837 730 900 corpore
746 817 861 882 Christi.

80 910 247 973 Credentes
259 912 378 995 docuit,
392 923 513 991 possent
526 911 577 988 qui
590 911 710 980 vincere
723 925 858 977 mortem.

74 1001 192 1086 Dignus
202 1024 305 1064 aurore
316 1002 377 1063 Dei
390 1003 461 1064 vivit
473 1023 529 1082 per
541 1001 619 1067 secla
632 1004 782 1087 magister.

75 1090 280 1160 Versibushis
291 1095 427 1156 breviter·
433 1095 529 1155 fateor
539 1095 711 1156 beatissime
724 1099 841 1158 doctor·

76 1184 189 1265 Paule,
200 1201 265 1253 tuos
276 1186 423 1251 Damasus
430 1187 696 1258 ‚votutmpnsuare
707 1189 888 1270 triumphu&

214 1338 252 1388 11.
278 1335 442 1391 tunel-n
464 1338 511 1391 ΙΝ,
530 1337 820 1390 aretusae-Eut.

78 1433 227 1519 Lusrrnus
239 1457 270 1515 in
284 1455 393 1517 teneris
405 1454 559 1522 Venerem
571 1457 708 1520 lascivius
720 1459 807 1525 annis
815 1500 835 1533 „

119 1547 258 1608 Lusimus
270 1560 467 1630 unguentum,
480 1550 606 1629 pocula,
620 1561 718 1628 serta,
733 1552 827 1631 jocos.

79 1639 187 1708 Crinis¹
196 1642 272 1701 inest
285 1660 359 1702 cano
372 1641 462 1721 capiti
472 1661 548 1715 ,rer
560 1639 641 1701 fluxit
654 1648 813 1719 etentes,

29 1763 32 1767 ·
121 1731 244 1792 Praestat
256 1732 290 1798 in
300 1745 443 1796 autumno
456 1752 579 1813 carpere
589 1752 683 1812 poma
692 1750 811 1812 senem.
859 1748 862 1755 '

77 1821 242 1890 Praestatret
253 1826 377 1887 excussis
390 1837 477 1904 caput
488 1824 546 1886 line
559 1824 669 1886 foedare
681 1827 807 1888 corollis
819 1868 840 1911 ,.

122 1915 201 1977 Cum
215 1917 300 1983 Deus
312 1918 440 1977 humana
455 1917 573 1977 caeditur
586 1917 652 1996 ipse
662 1927 764 1978 manu.

76 2007 191 2092 Figitur
205 2023 237 2074 et
245 2010 398 2082 crucibus,
412 2010 511 2068 madet
522 2009 580 2068 heu
593 2009 719 2069 calvaria
733 2010 831 2071 tellus,

121 2101 283 2182 Sanguine;
301 2114 330 2159 tu
336 2101 404 2165 ,nati
417 2101 525 2164 itinera
533 2114 627 2160 mater
640 2103 713 2183 agis.

76 2193 177 2270 Impia
193 2192 383 2252 Hierusalem
396 2211 496 2251 nonne
510 2192 558 2252 bic
570 2191 654 2252 Deus
668 2193 736 2267 ille,
751 2197 903 2275 superbas,

120 2284 257 2351 Perdidit
268 2285 298 2345 in
313 2284 416 2364 pelago
430 2285 481 2361 qui
496 2282 657 2343 Pharaonis
672 2288 768 2364 opes?

76 2374 151 2436 Non
166 2375 513 2449 Deusilletuusnnties
529 2377 581 2452 qui
593 2376 724 2441 cladibus
738 2379 853 2440 hostes.

117 2467 246 2540 Assecit,
262 2489 321 2545 qun
334 2481 365 2527 tu
379 2468 475 2529 libera
486 2488 603 2546 semper
615 2471 700 2528 eras?

75 2559 175 2640 lmpia
190 2559 398 2633 Hierusalem,
414 2579 514 2638 nonne
526 2549 574 2618 bic
587 2557 778 2639 Olophernis
791 2567 907 2626 ademit

119 2650 279 2719 Cervices?
293 2673 393 2711 nnnne
404 2652 454 2712 hic,
467 2666 495 2711 te
505 2653 667 2713 dabatesse
679 2656 789 2717 deam?

74 2740 163 2802 Adde
175 2747 254 2822 quod
267 2746 320 2807 iste
334 2745 390 2806 tuis
404 2745 494 2803 etiam
508 2747 690 2825 praesepibus
704 2748 802 2808 infans

117 2831 224 2914 Vagit,
240 2848 269 2894 et
279 2837 357 2898 hune
369 2837 525 2896 dominum
539 2838 594 2898 bos
607 2851 637 2896 et
649 2839 888 2909 asellusamant.¹

74 2921 174 3003 bnpia
186 2926 389 3000 Hierusalem,
404 2931 576 2991 nnn-sidere
587 2933 682 2991 cernis
697 2953 758 2993 eon

115 3016 285 3079 Adventare
300 3040 419 3100 magos-v,
431 3021 550 3098 quinia
563 3025 641 3081 dona
653 3025 780 3087 lerunt?⁴

77 3104 149 3189 Qun
161 3109 233 3175 turis.
246 3110 399 3190 Herodes,
410 3114 543 3178 strictum
557 3117 628 3199 quid
642 3118 939 3206 comprimisenseuti
