2046 3712
118 268 179 346 ιιι
298 280 478 337 mmmm
491 282 790 343 muummoms
898 244 904 257 ’

112 375 324 457 Pollutamque
337 378 462 439 domum
473 400 482 436 ι
493 376 631 460 cognatio
645 390 709 441 totu
720 380 841 463 profane
879 366 885 381 ¹

111 470 154 531 Et
164 469 302 554 fugienda
311 470 368 530 tibi
380 493 388 533 ι
401 464 489 531 term
502 470 640 532 melioris
650 472 684 533 in
695 492 783 559 egros
862 460 872 533 ;Ι

110 561 167 625 Me
180 564 253 625 dure
265 562 421 644 pervenies
435 587 443 623 ι
457 584 496 625 ne
507 563 548 625 sis
559 566 748 649 pergentini
771 570 779 587 '
840 594 852 607 ··
867 564 871 571 ¹

111 655 177 737 Qui
189 670 295 719 sanctae
307 669 395 736 caput
406 676 469 717 esse
481 669 587 737 potes,
600 670 761 725 tum-tecm
771 664 803 725 di

110 752 190 833 Quae
201 742 510 813 maneant'benedicte
523 750 789 835 tibi,-nomenq'ne
819 754 822 759 '
844 804 849 811 .

106 843 831 930 Magnificumreddampopulos,liona'cnnttttt
858 838 861 843 ¹

105 938 148 1003 Et
158 940 331 1002 benedictus
344 937 418 1011 erit,
431 936 489 996 tibi
500 937 553 1016 qni
565 937 786 1019 benedixerit,

107 1032 173 1115 Qui
184 1030 340 1095 maledicta
350 1029 406 1090 tihi
419 1030 614 1110 conviciaque
624 1031 765 1117 ingeret,
777 1034 826 1099 ille
848 1058 860 1079 ··

106 1124 277 1191 Confestim
288 1124 463 1186 maledictus
473 1124 553 1184 erit
564 1124 739 1189 benedicito
750 1140 844 1211 perte

104 1220 268 1305 spargetur
278 1217 413 1280 tribubus
423 1216 537 1278 cunctis
542 1238 689 1298 aevoque
699 1218 831 1283 fitturo.
861 1220 864 1225 ’

102 1312 202 1391 Dixit,
215 1325 246 1374 et
257 1299 393 1393 imperiis
403 1322 536 1371 mentem
547 1330 613 1389 quae
627 1326 730 1400 parent
743 1310 859 1397 indit„
864 1396 867 1401 Ι

101 1404 375 1486 Promissisque”
332 1424 391 1485 pus
403 1404 521 1478 credat,
535 1423 623 1465 mora
632 1406 716 1467 nuth
728 1418 874 1491 repente.
851 1408 871 1461 .-t

99 1503 195 1566 Dicto
208 1498 364 1561 intercedit
376 1495 525 1571 Domini,
539 1498 592 1559 sed
604 1500 745 1578 protinus
754 1498 866 1571 Alitu'·¹

102 1595 184 1660 Cum
195 1591 331 1678 gregibus
342 1590 417 1651 varii
428 1590 757 1673 generis,fnmnlisqne
861 1588 872 1609 ⁸

101 1688 238 1771 Cunjuge
251 1706 320 1749 curu
332 1685 406 1758 lide,
420 1683 482 1745 ceri
493 1690 563 1745 cum
575 1683 703 1767 pignore
715 1686 868 1766 fratris„

93 1790 114 1863 ·(
128 1779 187 1845 Cui
199 1779 277 1841 Loth
289 1798 402 1838 numen
414 1779 503 1854 erat)
515 1777 678 1860 digressus,
692 1779 790 1843 limite
799 1784 884 1847 retu·-

97 1876 239 1960 Ignotum
249 1872 307 1932 sibi
320 1871 415 1951 carpit
426 1871 502 1929 iter.
515 1869 692 1932 mollissima
704 1872 787 1936 laetas
885 1912 894 1929 .-
910 1914 912 1919 -

98 1970 240 2031 Praebent
252 1985 321 2026 arva
332 1965 392 2025 vias
400 1963 623 2043 ,blandumque
635 1963 805 2030 faventibus
814 1964 912 2031 amri

98 2064 261 2133 Accidens,
275 2056 364 2117 nullis
376 2056 510 2116 turbatur
525 2057 655 2118 motibus
667 2077 736 2130 aer,

96 2157 134 2218 ln
150 2153 303 2217 chanaam
316 2162 428 2223 terras,
441 2161 470 2209 et
481 2170 573 2231 regna
585 2150 739 2211 uberrima
750 2151 891 2233 Siclrem,

96 2250 207 2311 Donec
217 2243 412 2327 perveniens,
424 2242 543 2317 didicit,
557 2243 714 2321 sobolique
729 2247 849 2328 sibique

95 2343 200 2403 lsthaec
212 2340 248 2397 in·
256 2349 368 2396 sortem
380 2336 502 2415 imperii
516 2356 633 2396 cessura
647 2336 749 2398 sutori.

95 2434 188 2496 Unde
202 2431 271 2491 Deo
283 2427 407 2508 supplex
420 2428 539 2488 devotas
553 2429 672 2488 exstruit
684 2449 772 2508 aras,

92 2517 136 2590 Et
148 2538 261 2589 veteres
273 2541 431 2594 revocans,
445 2520 542 2581 cultor
554 2542 666 2595 novos,
679 2535 768 2606 auget
777 2524 912 2591 honoret

91 2621 167 2683 lude
180 2618 255 2701 petit
265 2614 440 2686 Bethleem,
452 2615 535 2673 sedes
545 2636 610 2692 quae
622 2614 699 2676 lecta
713 2615 798 2678 beati

91 2711 243 2794 Hospitiis
255 2720 366 2770 sacrata
375 2707 449 2782 viri,
465 2720 641 2786 cunctasque
651 2709 796 2788 superbis

89 2805 222 2868 Excessit
234 2801 349 2862 meritis
361 2812 470 2874 terras,
484 2801 661 2878 quandoque
675 2803 812 2863 secundo

88 2898 162 2960 Post
169 2897 280 2959 coelum
294 2894 477 2955 numeranda
489 2892 572 2967 locu,
584 2913 655 2952 nam
669 2895 739 2954 sede
750 2914 885 2978 superna

87 2990 219 3073 Dignior
232 2989 286 3048 ista
298 2985 378 3061 Dei,
391 3007 455 3064 quae
470 2985 574 3068 pignus
586 2984 649 3067 lege
662 2986 765 3047 salutis

86 3081 240 3145 Ernissum
251 3081 365 3142 mundo
377 3092 492 3140 tantum
503 3079 633 3140 mirante
646 3091 788 3160 paratum
