2018 3714
125 280 183 359 372
372 286 748 346 staurtvtoromsr
836 251 840 257 ⁵
885 284 964 347 etit
1003 330 1006 339 .

126 384 266 461 Occupat
278 392 308 440 et
320 380 390 440 totis
406 381 558 458 quaesitam
570 382 828 464 lympha-latebris
840 412 848 448 ι

123 474 245 533 llnmor
258 486 321 533 erat
333 473 452 547 nullus,
470 474 570 535 cuncti
583 474 719 537 clamore
733 493 884 556 querentes

122 566 291 628 Poscebant
302 564 427 639 Mosen,
443 567 527 625 daret
537 580 570 625 ut
582 567 753 630 sitientibus
766 575 876 650 undas,

121 661 171 719 Ad
184 679 259 737 quos
272 658 322 718 ille
335 658 419 717 brevi
432 658 475 719 sie
487 671 530 719 est
540 680 679 721 sermone
695 662 833 726 locutus:

125 750 250 814 Credite
262 771 349 834 posse
361 749 481 827 Deum,
495 752 641 832 quidquid
651 756 801 834 petieritis
814 759 912 837 illum,
1005 783 1006 789 ¹

123 845 184 906 Sed
197 859 297 905 tamen
308 843 386 903 hanc
398 843 512 926 virgam
524 845 633 905 durum
644 846 804 912 diffindere
814 872 920 929 mum,

124 938 167 999 Ut
178 939 298 998 veniant
309 935 405 996 sontes
416 948 478 995 tota
488 938 610 1019 regione
622 942 744 1001 morati.

121 1030 330 1107 Percussitque
340 1027 429 1087 simul
442 1051 449 1087 ι
464 1029 545 1091 dicto
556 1031 709 1109 velocius,
723 1035 823 1096 amnis

119 1122 231 1183 Emisit
243 1126 344 1183 saxum
357 1120 456 1181 fontes
468 1122 625 1184 dulcedine
637 1126 749 1205 prima.

123 1215 297 1293 Confiteor,
312 1232 391 1280 totus
402 1239 473 1281 curn
484 1218 522 1276 sit
530 1216 585 1276 tibi
597 1218 720 1280 debitor
733 1222 836 1297 orbis,

119 1310 169 1372 ‘l'u
181 1310 325 1391 quidquid
338 1324 461 1393 possunt
472 1322 592 1393 gentes,
606 1324 694 1391 potes
706 1314 811 1375 omnia
823 1316 915 1379 solus:

119 1402 169 1464 Tu
182 1404 308 1466 mortale
319 1426 410 1488 genus
420 1424 522 1478 curas,
535 1422 701 1483 ouerasqne
713 1406 868 1489 levesque,

118 1496 165 1558 'l'e
176 1518 302 1579 precor,
317 1499 442 1559 attonita
454 1496 599 1559 confirma
609 1511 713 1559 mente
723 1500 895 1577 timentem,

118 1589 170 1651 Ne
182 1592 256 1652 desit
267 1591 392 1653 fratrum
405 1609 532 1652 numero
544 1610 630 1650 meus
641 1588 765 1653 infimus
777 1593 892 1672 infans,

119 1684 299 1767 ignarosque
312 1684 376 1758 sui,
392 1703 482 1762 quem
491 1684 552 1764 jam
564 1682 671 1764 procul
682 1703 754 1746 ecce
769 1687 865 1748 teneri

122 1776 307 1858 Conspicio,
322 1777 410 1837 turba
423 1775 674 1837 circumveniente
688 1775 850 1857 frequenti.

120 1870 212 1931 Hunc
222 1883 348 1951 propter
357 1868 456 1929 solum
470 1867 632 1950 lacrymas,
645 1888 718 1947 quas
731 1885 899 1933 commovet
908 1883 966 1943 aetat,

119 1963 206 2023 Unus
218 1964 298 2023 enim
309 1973 459 2042 superest,
471 1963 507 2020 de
519 1981 578 2038 quo
591 1961 665 2019 mihi
677 1965 809 2025 maxima
817 1988 883 2028 cura
891 1978 937 2038 est,

116 2058 167 2117 Ne
178 2071 262 2117 tener
274 2056 388 2137 ignoret
399 2074 456 2131 qua
469 2055 506 2112 sit
514 2055 550 2112 de
562 2067 648 2135 gente
662 2070 788 2117 creatus.

117 2150 209 2212 Hunc
222 2171 275 2232 ego
289 2150 313 2208 si
327 2148 438 2227 possim
449 2160 562 2207 secreto
571 2149 760 2226 apprendere
772 2152 885 2225 solum,

113 2245 289 2318 Blandirer,
306 2242 493 2322 patriumque
506 2261 596 2322 genus
611 2242 800 2322 patriamque
816 2247 953 2306 docerem:

115 2336 175 2396 Sed
188 2356 367 2414 quaecunque
377 2348 477 2394 tamen
491 2346 615 2413 potero,
630 2334 735 2394 solatia
748 2338 877 2398 mittam.

113 2430 208 2489 Parve
219 2449 294 2508 puer
306 2472 315 2501 ,
330 2428 497 2506 tenerisque
508 2426 566 2485 tuis
577 2426 651 2484 mihi
665 2428 764 2487 carior
777 2431 881 2503 annis,

114 2521 223 2583 Carior
236 2541 266 2580 es
280 2542 386 2601 regno,
401 2521 460 2579 vita
474 2540 592 2604 quoque
605 2519 703 2580 carior
716 2521 781 2599 ipsa
797 2547 803 2580 :

110 2615 159 2674 'l'u
172 2627 256 2695 potes
270 2614 300 2671 in
315 2626 410 2672 totum
424 2613 576 2673 victricem
589 2612 713 2672 reddere
728 2625 874 2689 matrem,

110 2707 159 2766 'l'u
172 2708 238 2766 finis
250 2725 375 2785 parvus,
390 2704 513 2781 finisque
528 2705 625 2763 sutore
639 2704 789 2763 malorum
804 2730 811 2764 :

111 2797 144 2857 si
159 2813 187 2859 tc
202 2819 271 2859 cura
284 2797 345 2856 mei
358 2797 462 2874 tangit,
478 2797 501 2856 si
518 2799 620 2855 matris
634 2799 760 2856 odorem

109 2891 215 2950 Mente
230 2903 325 2952 create
338 2903 436 2949 tenes:
452 2891 586 2966 quamvis
599 2903 628 2948 et
641 2911 745 2961 caruS,
763 2904 792 2949 et
807 2892 902 2952 inians
915 2938 922 2967 ,

111 2984 180 3042 lloc
191 2984 283 3063 magis
297 3003 366 3042 aure
377 2983 426 3061 pia
439 2984 523 3043 dictis
537 2985 654 3042 attende
667 2985 810 3062 parentis.

109 3074 247 3135 Primum
260 3075 338 3135 disce
350 3096 444 3155 puer,
461 3076 533 3154 quid
547 3077 586 3135 sis
598 3088 665 3156 post
677 3077 732 3136 ista
745 3077 878 3153 iuturus,
