2046 3712
114 254 177 340 ¹³7·
241 264 420 317 commem.
435 266 473 318 m
488 265 632 320 essesut
647 268 708 319 nm.
724 267 773 318 111.
890 257 950 340 139

124 360 215 423 Pario
229 359 371 421 effectam
381 358 438 419 lilii
450 359 488 419 de
500 380 656 421 marmore
665 360 796 421 formam

69 450 210 519 fflidit
222 452 330 514 infelix
338 451 453 514 incluso
467 453 567 514 rivere
579 474 682 529 sensu,

65 618 70 627 ι
120 561 244 629 questm
254 547 358 607 audire
372 566 463 606 snos:
475 568 546 607 mox
557 548 627 607 inde
637 547 741 609 dicatis

57 638 248 722 rhaetique
261 641 322 701 aris
333 640 452 701 divinos
463 641 544 701 addit
556 642 703 715 honores,

68 732 161 819 {nipe
172 736 247 797 locu
258 734 342 816 jubet
354 754 419 797 esse
433 733 515 794 Dei:
528 746 592 794 tum
604 734 741 815 protinus
754 754 860 796 omnes

68 828 225 913 duplam
240 841 343 911 gentes
355 827 451 889 scelus
461 827 538 901 hoc,
553 827 727 907 crimenque
740 840 868 904 secutus,

57 918 133 987 521⁰
144 923 207 983 diis
219 922 415 1001 quaque-suis
425 942 509 982 caros
521 921 652 981 habuere
663 934 819 1001 parentes,

59 1012 142 1079 'Pul
152 1016 248 1077 etiam
263 1014 356 1075 simili
369 1035 452 1096 reges
464 1015 626 1075 inhonore
637 1012 773 1074 locarunt
785 1057 794 1088 ‚

68 1104 282 1186 vixeruntque
292 1106 396 1182 Deos,
411 1128 539 1184 quorum
551 1107 605 1166 sub
618 1092 742 1167 nomine
755 1105 884 1165 mendax

71 1198 207 1276 Gutta,
219 1200 295 1261 ¹dum
309 1201 386 1260 veris
396 1200 468 1261 lalsa
480 1200 631 1260 insinuare
643 1199 776 1273 laborat,

68 1292 196 1357 Addidit
207 1293 349 1355 obscuras
359 1293 442 1353 vanis
455 1292 619 1353 rationibus
629 1294 766 1366 umbras,

67 1384 223 1451 hum
233 1386 367 1447 tumulos
377 1400 466 1466 atque
476 1387 570 1447 indita
579 1387 707 1446 'nomina
716 1385 819 1446 bustis.

64 1478 182 1543 Donec
195 1480 381 1561 per-speeies
392 1501 456 1540 sese
466 1480 616 1541 dementia
629 1491 749 1540 cunetas

66 1572 237 1647 Prudens,
251 1584 282 1633 et
291 1574 381 1633 telius
393 1573 745 1651 minimis-numbrisque
758 1571 908 1653 pudendis-

68 1664 196 1729 Nomen
206 1667 298 1727 inane
310 1665 373 1726 Dei
385 1669 497 1727 mundo
509 1668 625 1727 ridente
637 1668 764 1726 dareturs

68 1758 196 1823 Talibus
209 1780 349 1821 errorum
361 1759 484 1820 salebris
494 1759 628 1819 lumenta
640 1761 783 1835 daturus,

65 1854 220 1935 Ambigua
232 1853 372 1913 inventor
384 1853 455 1912 lethi
467 1873 609 1932 responsa
623 1853 720 1913 ciebat
733 1875 740 1910 :

67 1945 150 2009 Usus
162 1947 203 2006 ad
215 1945 342 2004 insidias
354 1959 402 2004 aut
415 1946 495 2027 igni,
510 1959 560 2005 aut
573 1946 655 2005 lente
669 1943 795 2017 calenti,

69 2040 127 2101 dut
138 2053 224 2100 terra
237 2059 272 2097 ex
284 2039 375 2098 antris
388 2053 492 2099 ventos
503 2040 634 2119 spirante
648 2038 811 2115 loquaces,

72 2130 230 2193 htatmm
244 2132 313 2191 vani
325 2132 384 2190 sihi
397 2152 510 2192 nomeu
525 2130 677 2210 Apollinis
691 2130 805 2188 indens.

72 2220 192 2293 Talibus
205 2244 226 2284 a
240 2223 382 2283 Domine
389 2237 492 2305 gentes
504 2237 569 2283 trux
582 2224 632 2283 ille
647 2235 777 2284 remotas

74 2314 220 2399 captabat
235 2316 349 2395 laqueis
361 2338 420 2396 quo
432 2318 543 2376 ducens
555 2338 677 2396 cunque·
685 2313 804 2374 volebat
820 2337 828 2373 ι

70 2408 158 2473 Tanti
171 2425 217 2471 est
232 2430 249 2469 a
262 2422 366 2470 sanctu
378 2408 507 2469 Domini
520 2409 673 2470 discedere
688 2409 776 2470 cultui

106 2506 149 2565 At
161 2523 240 2565 vero
253 2503 362 2584 egressi
374 2504 452 2562 unde
467 2523 584 2575 sumus,
598 2504 755 2563 redeamus
766 2503 803 2560 ad
816 2500 900 2561 illam

71 2592 227 2681 llajurem
240 2595 366 2669 seriem,
381 2616 446 2673 quae
460 2615 571 2674 paucos
584 2608 668 2656 aucta
682 2615 862 2675 perminus,

73 2688 176 2769 Usque
190 2690 272 2749 adeo
286 2688 431 2760 exerevit,
445 2688 525 2765 quod
538 2708 608 2747 mox
624 2685 753 2747 Oriente
767 2687 892 2760 relicto,

69 2780 142 2843 lude
154 2801 255 2843 novas
268 2780 341 2839 alibi
355 2779 501 2858 compulsi
516 2801 649 2858 quaerere
663 2782 763 2852 sedes,

68 2874 103 2937 ln
114 2895 266 2957 campum
278 2877 293 2950 (
307 2870 441 2933 Sennaar
453 2886 568 2932 veteres
578 2875 676 2932 dixere
690 2876 704 2949 )
718 2884 871 2951 patentem

69 2967 277 3031 Perveniunt:
292 2987 419 3045 eumque
430 2965 476 3025 his
490 2965 581 3058 etiam
595 2966 745 3026 discedere
758 2964 848 3023 terris

75 3058 224 3148 cogitur,
236 3060 271 3121 in
286 3059 380 3124 varias
393 3071 492 3142 partes
504 3059 668 3143 spargenda
680 3061 816 3140 juventus
