2018 3714
28 266 56 305 v.
71 241 146 305 256.
185 251 393 308 couneus.
411 258 450 308 ru
470 256 624 313 osussm
641 261 707 313 ctu.
726 264 746 316 r.
855 278 913 341 109

28 349 99 413 Nec
112 363 211 432 turget
220 363 322 410 tamen
334 373 341 409 :
353 363 383 410 at
396 351 498 412 minor
509 365 569 429 est,
583 355 634 433 qui
646 376 778 419 crescere
788 362 875 421 tantis

29 442 189 505 Fluctibus
200 443 323 520 infusis,
338 464 428 523 quarn
442 446 492 524 qui
506 447 676 508 decrescere
693 451 789 512 nescit

26 537 182 599 Amnibus
194 537 297 598 ellusis
309 560 316 596 :
329 559 458 617 quorum
471 540 572 619 primo
585 541 691 602 ordine
706 540 818 605 Phison

26 630 155 692 Prosilit
168 630 336 707 exsultans,
350 631 441 692 fontis
451 653 518 713 pars
534 645 639 711 quarta
652 634 731 694 beati
744 660 751 695 :

26 723 132 785 Edcns
144 738 257 785 naturae
271 744 342 803 quus
357 725 406 784 dat
418 727 576 806 prudentia
589 728 693 802 dotes,

27 812 232 901 Gangetisque
245 816 342 897 replet
355 819 484 898 populos
494 863 503 894 ,
515 834 602 899 atque
616 820 720 907 ludica
732 842 822 906 regna

20 908 182 971 Distendit
192 909 290 984 limo,
305 923 456 991 terresque
470 925 499 971 et
510 913 625 972 semina
641 912 766 976 volvens

23 1001 106 1082 Quae
121 1003 192 1064 lacit
205 1004 375 1079 arraserit,
390 1005 477 1064 nudis
490 1025 547 1085 qua
559 1006 683 1085 squallet
696 1008 795 1069 arenis

25 1096 127 1157 Aurea
138 1096 278 1179 fulgentis
290 1096 368 1156 inter
381 1111 515 1158 ramenta
528 1098 649 1158 metalli.

26 1187 90 1252 Hic
103 1189 154 1249 ubi
169 1189 317 1250 fulmineo
330 1189 452 1250 rutilans
466 1191 661 1274 carbunculus
674 1191 741 1273 igne
754 1236 764 1268 ,

24 1282 72 1344 Ac
83 1283 174 1344 viridi
185 1283 280 1343 radiat
291 1283 454 1367 fulgescens
467 1283 532 1345 luce
545 1287 726 1366 smaragdus.

26 1375 94 1442 Nec
106 1376 211 1449 minor
223 1376 294 1437 inde
308 1375 417 1453 Geon,
430 1377 555 1457 placidis
566 1379 620 1438 sed
632 1376 737 1437 mitior
748 1377 835 1438 undis

25 1465 163 1532 Niliacas
176 1469 285 1530 attollit
298 1490 406 1549 aquas,
421 1491 579 1550 arsuraque
593 1471 651 1530 late

24 1559 152 1624 Diluvio
165 1564 237 1646 tegit
247 1582 317 1624 arva
330 1564 403 1643 pio,
419 1563 552 1643 coeloque
566 1583 734 1647 repugnans

25 1654 192 1738 Temperat
204 1652 390 1737 fflthiopum
402 1657 509 1739 stagnis
523 1656 715 1719 refluentibus
728 1658 829 1717 undas.

22 1746 142 1811 Tertius
151 1747 224 1809 hinc
236 1749 342 1829 rapido
356 1770 533 1829 percurrens
546 1750 658 1832 gurgite
670 1746 771 1831 Tigris

23 1839 47 1902 lt
60 1861 169 1904 comes
181 1838 329 1923 Euphrati
339 1842 439 1923 juncte
452 1862 526 1920 quos
539 1841 620 1902 mole
634 1854 752 1902 ruentes

22 1933 125 1998 'lellus
135 1935 215 1997 vieta
226 1954 299 1997 cavo
309 1935 411 1995 sorbet
423 1935 569 2015 patefacta
581 1935 723 1994 barathro
737 1957 745 1992 t

22 2024 132 2090 Donec
144 2028 177 2089 in
190 2027 342 2089 Armeniae
353 2027 442 2088 saltus
454 2047 488 2088 ac
501 2026 623 2088 Medica
636 2040 756 2106 tempe,

23 2124 111 2207 Quos,
123 2143 190 2185 non
201 2124 356 2198 sustinuit,
370 2141 426 2184 nec
438 2125 500 2202 jam
515 2123 611 2202 capit,
623 2133 869 2182 evomatamnes.

24 2216 81 2281 Sed
91 2216 218 2301 Tigris,
231 2218 317 2300 nigro
329 2229 470 2295 tanquam
481 2216 648 2297 indignatus
661 2233 770 2273 averno
783 2255 792 2289 ,

23 2310 151 2374 Prosilit
160 2309 301 2373 aethereas
312 2323 396 2369 motu
408 2311 522 2389 majore
534 2308 703 2381 schemas,

20 2406 60 2469 Et
72 2425 197 2469 rursum
205 2403 316 2485 ,spelaea
329 2404 425 2478 subit,
438 2423 611 2481 mersusque
626 2399 758 2463 cavernis

18 2500 107 2563 lutus
118 2501 184 2582 agit*
194 2499 347 2571 fremitus,
362 2494 507 2559 etlortior
517 2496 604 2563 obice
617 2495 712 2556 factus

18 2594 247 2676 Multiplicatur
258 2592 358 2671 aquis,
372 2604 495 2670 atroque
509 2590 625 2652 citatior
638 2599 725 2650 antro

20 2684 92 2751 lixit
104 2732 115 2764 ,
131 2699 163 2747 et
175 2685 313 2768 Assyrios
324 2683 414 2746 celeri
426 2696 505 2746 secat
517 2683 634 2766 agmine
646 2700 778 2761 campos.

21 2780 143 2843 Justior
156 2776 340 2859 Euphrates,
354 2777 408 2836 diti
421 2778 472 2856 qui
484 2778 597 2860 gurgite
611 2775 707 2856 largus

21 2872 131 2956 Irrigat
143 2884 262 2936 arentes
273 2869 411 2951 subjectae
426 2867 556 2931 Persidis
569 2887 669 2949 agros,
782 2943 785 2949 Ι

25 2964 173 3031 Hollibus
185 2963 300 3026 elicitus
311 2963 399 3038 rivis,
413 2975 500 3043 atque
513 2961 653 3024 omnibus
666 2977 748 3037 aeque

31 3055 145 3136 Serrit,
158 3057 346 3121 et'humanos
356 3065 452 3118 totum
463 3074 495 3118 se
508 3054 624 3134 praebet
634 3052 667 3113 in
677 3071 744 3114 usus
759 3072 766 3108 ι

743 3163 779 3203 ιο
