2046 3712
88 270 148 353 ²74
367 277 396 329 c.
414 279 446 329 r.
463 278 494 329 a.
510 276 669 331 serenet
834 260 914 325 etth

127 372 232 432 Sidera
244 372 306 453 jam
318 369 379 431 luci
389 370 572 445 concedunt,
588 381 619 429 et
630 366 753 449 rapidus
762 366 805 428 sol

86 463 296 545 Progreditur,
309 462 400 523 radiis
411 476 505 522 terras
516 462 739 543 trepidantibus
751 459 872 541 implens.

86 557 218 634 Jamque
232 577 248 615 e
262 555 393 616 concilio
407 552 562 615 Christum
572 566 643 635 post
651 566 735 637 terga
748 554 889 615 rerinetnn

88 648 227 708 Praesidis
239 649 278 707 ad
287 648 436 730 gremium
448 667 558 729 magno
569 646 706 709 clamore
716 646 868 719 trabebant.

86 739 205 801 interea
216 741 329 801 celsum
342 740 495 801 Dominus
507 753 588 801 stans
600 750 669 801 ante
682 738 815 801 tribunal

85 832 173 893 'Palis
187 832 275 892 Pilati
287 834 387 893 verbis
401 833 515 915 excepit
526 831 611 893 lesus
623 854 632 890 ι

87 924 136 985 Τιι
154 947 204 985 rex
218 925 331 987 Judeeee
343 924 456 1007 gentis,
471 926 552 1005 quod
563 924 675 986 dicitur
682 967 694 998 ,
705 926 802 987 astas?

89 1016 257 1097 Respondit
272 1016 408 1079 Christus
422 1017 560 1079 :Vestris
571 1018 637 1079 haee
648 1018 743 1079 audio
756 1018 859 1079 verbis.

88 1111 165 1172 Exin
179 1112 321 1171 terribilis
332 1112 403 1193 justi
416 1110 568 1173 accusatio.
576 1130 701 1193 surgens

88 1204 244 1278 lnfremit‚
256 1215 285 1263 et
297 1218 433 1265 sanctum
444 1204 591 1265 scelernm
603 1202 746 1264 facundia
755 1216 871 1285 pressat.

89 1296 285 1378 Respondere
298 1297 373 1356 nihil
385 1298 518 1359 trucibus
530 1297 667 1379 dignatur
678 1295 775 1358 lesus.

90 1388 202 1450 Pilatus
215 1391 340 1469 quaerit,
354 1412 419 1469 quae
433 1391 471 1450 sit
483 1404 548 1449 tum
559 1408 647 1451 causa
659 1390 791 1451 tacendi.

89 1482 144 1542 llle
159 1483 251 1564 magis
264 1496 398 1562 perstans
411 1482 547 1543 miranda
559 1482 678 1543 silentia
690 1495 800 1544 servat.

91 1574 230 1635 Solemni
243 1577 295 1635 sed
309 1576 386 1636 forte
400 1576 448 1635 die
463 1576 627 1637 concedere
639 1575 721 1659 leges

91 1667 200 1727 Unum
212 1669 344 1729 damnati
358 1669 464 1750 eapitis
477 1670 611 1729 demere
624 1669 781 1750 jubebant.

90 1759 131 1819 Et
143 1761 198 1820 suit
211 1762 243 1821 in
253 1762 358 1822 vinclis
370 1763 486 1822 famoso
498 1762 623 1823 nomine
635 1761 737 1837 latro,

92 1852 196 1930 Quem
212 1852 333 1915 Christo
349 1855 479 1915 inlensus
492 1854 621 1935 populus
632 1854 786 1915 dimittere
800 1857 863 1917 vitae

91 1944 244 2007 Ardebat:
258 1948 387 2009 trucibus
401 1967 509 2006 somno
523 1947 574 2006 sed
588 1948 691 2006 territa
702 1949 775 2009 visis

93 2037 181 2099 Pilati
194 2043 318 2120 conjux,
333 2041 400 2119 justi
413 2040 564 2100 discedere
577 2060 666 2119 poena

93 2130 260 2205 Mandntis,
277 2133 473 2212 precibusque
486 2132 583 2192 virum
597 2151 739 2211 suspensa
751 2135 877 2215 rogabat.

93 2222 172 2282 'Pom
186 2227 272 2305 judex
285 2226 393 2284 iterum
407 2245 568 2304 procerum
578 2225 744 2302 disquirere
756 2240 886 2286 mentem

93 2315 219 2392 Tentat,
235 2330 264 2377 et
275 2317 395 2377 instanti
409 2330 552 2396 cuperent
561 2338 651 2394 quem
663 2318 780 2378 solvere
794 2338 883 2398 poena
893 2360 908 2391 ,.

95 2406 196 2469 Plebis
209 2412 247 2469 ad
259 2411 416 2470 arbitrium
428 2409 519 2469 mittit
530 2411 566 2468 de
579 2409 641 2490 lege
657 2410 779 2487 requiri.

96 2499 155 2560 Sed
168 2522 309 2582 proceres
320 2503 467 2582 populum
481 2503 543 2562 susa
557 2502 721 2562 ambitione
737 2503 894 2584 rogabant,

94 2592 260 2654 Latronem
273 2595 330 2676 legi
344 2607 498 2675 peterent,
516 2592 727 2672 Christumque
739 2607 888 2656 necarent.

95 2687 134 2745 Αι
147 2701 306 2767 postquam
320 2707 480 2767 procerum
493 2687 625 2748 incendit
637 2690 784 2747 sententia
796 2688 909 2770 vulgus,

94 2778 291 2859 Latronisque
303 2782 378 2860 petit
391 2781 490 2860 potius
502 2780 559 2839 sibi
574 2780 680 2840 cedere
693 2781 806 2855 vitam,

95 2870 254 2932 Consuluit
267 2893 376 2953 praeses
390 2872 553 2953 populum,
568 2872 640 2950 quid
653 2872 741 2932 vellet
754 2873 832 2932 lesu.

94 2962 185 3024 Plebs
197 2965 317 3025 incensa
330 2966 428 3038 niele,
441 2985 532 3024 saevos
544 2964 671 3025 miscere
683 2965 846 3041 tumultus,

94 3056 134 3116 Et
148 3058 242 3119 erucis
252 3060 288 3119 ad
299 3078 401 3141 poenas
414 3059 598 3139 iterumque,
610 3058 923 3141 iterumquepetebat,
