2018 3714
272 312 320 395 e.
349 310 537 399 venun
572 306 849 425 lonium

378 614 735 741 JUV‘ENCI
833 746 836 751 ,

249 968 581 1046 EVANGELIGAE
611 970 874 1047 HISTORIAE
977 966 983 975 ¹

371 1276 495 1335 noea
524 1278 732 1349 couneus.

114 1592 223 1673 Tanta
236 1609 386 1671 dicentem
398 1607 557 1670 confestim
570 1608 660 1669 factio
674 1608 826 1673 frendens

115 1704 247 1767 Tentare
257 1701 423 1785 aggreditur
435 1700 534 1761 verbis
545 1720 616 1763 cum
625 1701 730 1763 frande
744 1703 898 1789 malignis.

116 1796 243 1862 Certum
257 1808 320 1869 est,
334 1794 499 1855 veridicum
511 1805 632 1857 tenone
644 1794 763 1857 renime
776 1797 963 1880 magistrum:

115 1892 185 1954 Noc
196 1906 376 1970 quemqnam
387 1899 540 1962 metuens,
552 1886 681 1947 Domini
693 1889 819 1973 vestigia
828 1910 936 1953 servas.

115 1985 178 2048 Dic
191 2003 279 2066 ergo,
292 2001 330 2040 an
344 1980 431 2042 liceat
442 1992 550 2039 nostrae
564 1979 725 2042 dissolvere
735 1983 820 2063 genti

118 2078 245 2142 Caesaris
256 2074 385 2157 urgentis
398 2093 518 2153 semper
531 2072 661 2155 sublege
674 2074 845 2137 tributum?

115 2172 173 2234 llle
185 2170 237 2233 sed
250 2166 412 2247 inspiciens
425 2165 493 2225 saevi
505 2166 669 2245 penetralia
681 2167 799 2242 cordis,

119 2260 324 2333 Curtentatis,
339 2259 396 2332 ait,
410 2278 489 2318 nunc
501 2279 551 2318 me
564 2258 742 2320 concludere
757 2259 879 2338 verbis,

117 2355 273 2418 Fallaces?
285 2351 394 2411 mentis
405 2351 507 2431 prodit
520 2350 636 2412 fallacia
649 2351 790 2413 fructum.

116 2450 259 2533 Inspicite
272 2467 309 2507 en
322 2465 500 2519 nummum,
524 2444 691 2524 sculptique
704 2446 901 2509 numismatis
910 2464 967 2507 cere

118 2543 244 2606 Caesaris
258 2558 428 2619 expressum
441 2550 617 2617 promptum
627 2549 670 2597 cst
682 2537 723 2596 ibi
737 2539 988 2604 cemerevultunt.

116 2636 230 2699 Solvite
242 2653 321 2692 nunc
334 2629 379 2690 illi
394 2630 519 2710 propria
531 2631 585 2691 sub
598 2631 661 2713 lege
674 2629 822 2691 tributum
836 2676 847 2707 ‚

115 2733 215 2809 Atque
228 2725 298 2786 Deo
310 2723 469 2804 proprium
481 2722 553 2805 legis
562 2723 683 2783 servetis
695 2723 861 2786 honorem.

158 2821 232 2882 Post
246 2816 399 2877 Sadducaei
413 2815 463 2873 tali
477 2814 595 2875 cinxere
608 2815 714 2876 latratu
729 2837 736 2873 :

116 2916 238 2987 Moses,
253 2910 303 2989 qui
319 2909 415 2991 legum
429 2907 528 2988 posuit
539 2921 706 2991 praecepta,
717 2908 844 2989 jubere,

115 3007 151 3070 Si
163 3007 228 3088 quis
240 3002 411 3083 conjugium
423 3013 584 3080 properata
600 3014 697 3062 morte
713 3000 885 3082 relinquet,

117 3097 297 3184 Pignoribus
311 3094 419 3156 mediis
432 3094 567 3157 nondum
580 3097 617 3156 de
627 3095 764 3179 germine
775 3096 885 3173 oretis,
