2018 3714
16 276 100 340 ⁴7·
171 262 223 315 An
241 260 438 317 SALMONEM
455 263 535 316 ABB.
552 264 729 320 uersuum.
833 251 887 313 161

16 363 42 424 'a
55 374 171 421 tamen
185 401 195 433 ,
217 357 293 419 lieu!
305 357 332 417 si
344 358 418 437 quid
428 359 549 419 vastavit
562 357 712 435 Sarmata,
728 360 752 419 si
766 361 838 439 quid

16 454 170 517 Vandalus
182 453 331 527 incendit,
344 452 485 531 veloxque
497 453 616 514 abducit
628 453 758 531 Alanus,

15 548 175 632 imbignis
186 547 295 629 spebus
307 546 378 607 lieet
389 559 419 606 et
428 547 581 607 conalibus
593 548 694 630 aegris,

15 642 190 716 ionamur,
206 640 353 720 quandam
367 638 397 699 iu
412 640 543 720 speciem
556 661 694 721 reparare
707 642 852 723 priorum.

14 736 71 796 ‚lla
82 747 184 795 autern
197 746 377 811 nostroquae
390 747 458 792 sunt
470 735 576 794 amissa
589 735 702 814 periclo

15 828 220 912 Negligimus,
234 826 382 909 longoque
395 827 451 886 silu
463 826 657 905 squallescere
673 829 781 889 mentis

17 923 120 1007 'gnari
135 912 280 1002 patimur,
292 920 480 1000 subjectaque
492 921 569 982 colla
582 924 693 982 catenis

18 1014 184 1090 Dedimus,
197 1026 228 1075 et
239 1014 364 1075 manicis
378 1015 489 1093 peccati
501 1016 601 1094 praeda
613 1014 750 1098 ligamur.

20 1109 59 1170 Et
73 1108 157 1194 prius
167 1119 212 1169 esc
222 1108 311 1168 vilem
323 1128 464 1189 purgare,
479 1108 651 1169 abscindere
664 1122 779 1184 sentes,

22 1200 113 1277 Ostia
124 1200 261 1265 convulsa
273 1221 308 1263 ac
320 1202 444 1262 fractam
457 1218 606 1263 renovare·
612 1203 772 1263 fenestram
789 1227 796 1264 :

23 1295 124 1375 Quam
135 1294 211 1357 latos
223 1286 346 1376 campos
357 1295 482 1368 animae,
497 1308 526 1355 et
540 1297 703 1376 praecordia
717 1296 815 1358 cordis

25 1388 183 1463 Excolere,
197 1402 227 1449 et
239 1401 332 1468 captae
344 1386 510 1467 collapsum
523 1390 631 1448 mentis
643 1390 801 1450 honorem.

56 1482 115 1543 Nil
128 1482 236 1555 hostis,
250 1481 295 1542 nil
306 1483 371 1543 dira
383 1481 492 1556 sames,
506 1482 549 1541 nil
562 1483 690 1561 denique
702 1484 805 1542 morbi

27 1575 171 1659 Egerunt:
186 1575 297 1635 luimus
308 1576 359 1653 qui
369 1576 449 1635 nuuc
459 1596 574 1650 sumus,
588 1576 692 1655 hisque
705 1576 827 1658 periclis

28 1670 140 1735 renuti
151 1668 248 1730 nihilo
261 1670 402 1730 meliores
413 1671 566 1730 reddimur
578 1691 727 1750 unquam,

28 1764 86 1826 iub
96 1764 176 1826 vitiis
188 1762 272 1823 nullo
285 1763 440 1843 culparum
452 1765 511 1825 fine
524 1778 687 1825 manentes.

29 1857 589 1937 iilsanctumestnobisnisiquaesruszer
597 1857 830 1920 illudlsoneslum
837 1871 891 1935 est,

29 1950 107 2013 Utile
119 1952 199 2032 quod
212 1950 319 2009 luerit:
333 1952 470 2030 vitiisque
483 1951 626 2012 vocabula
638 1957 713 2013 recti

30 2045 172 2119 indimus,
186 2057 216 2105 et
228 2044 310 2124 parci
323 2064 489 2126 cognomen
501 2045 590 2104 sumit
602 2064 713 2105 avarus.

31 2139 62 2199 lt
73 2140 126 2219 qui
138 2150 168 2199 el
181 2138 322 2200 confessis
334 2138 430 2212 vitiis,
445 2149 474 2197 et
487 2138 614 2198 crimine
628 2150 752 2218 aperio,

31 2231 98 2291 Non
111 2245 237 2313 potuere
249 2251 314 2292 suas
324 2231 439 2301 virtutis
452 2230 580 2311 imagine
594 2231 710 2291 fraudes

31 2321 194 2408 obtegere,
209 2324 326 2387 occulto
339 2324 476 2384 foverunt
488 2323 610 2384 vulnere
623 2323 740 2407 plagas,

31 2417 114 2499 Quos
124 2431 243 2478 terrena
255 2417 344 2477 trahit
356 2416 516 2496 sapientia,
528 2419 627 2479 nescia
640 2418 711 2478 veri.

31 2512 184 2593 Quosdam
196 2510 329 2572 infelices
341 2511 393 2590 qui
405 2511 533 2589 decipit,
548 2511 650 2572 incitat
660 2531 759 2585 error,

32 2604 108 2667 Dum
122 2624 241 2667 causam
254 2604 408 2683 inquirunt
421 2623 540 2676 rerum,
554 2617 758 2683 astrorumque
773 2615 896 2680 meatus,

31 2698 104 2777 Quae
113 2698 152 2758 sit
163 2697 261 2756 forma
273 2696 355 2778 poli,
371 2716 424 2757 cur
434 2695 523 2777 longo
536 2695 659 2759 flumina
673 2716 760 2757 cursu

32 2789 97 2852 Non
110 2803 252 2873 pereant,
267 2789 342 2849 latus
353 2790 446 2870 jaceat
460 2808 519 2867 quo
533 2788 628 2847 limite
640 2800 766 2869 pomus:

31 2884 163 2964 Quaeque
175 2882 245 2944 Deo
259 2896 372 2944 tautum
386 2896 453 2943 sunt
463 2894 552 2957 nota,
566 2881 718 2942 recondita
731 2880 858 2956 cunctis,

31 2974 110 3039 Scire
123 2976 229 3038 volunt
243 3019 253 3050 ,
265 2976 323 3036 lacu
336 2977 446 3058 grande
458 2976 541 3035 nefas
554 2976 560 3034 !
578 2987 606 3033 et
618 2974 693 3034 scire
706 2973 852 3034 videntur.

30 3067 85 3132 lssa
96 3071 221 3154 quidem
235 3066 440 3133 Salmonsunt
451 3068 548 3131 nostri
560 3067 686 3130 crimina
697 3086 789 3129 sexus.

730 3158 778 3247 14.
