2046 3712
141 299 179 343 aa
397 289 403 295 ·
428 281 717 346 reassumam
922 286 1013 372 atq.

138 384 248 463 atque
259 383 319 446 uos
331 396 361 444 er
372 382 494 446 cataras
511 385 604 447 vena
621 385 774 447 aretam
786 397 925 465 sanctos,
1000 374 1002 379 ’

136 476 229 557 Quos
241 477 306 537 salsi
319 477 424 539 fratres
438 499 469 540 se
482 478 698 559 circumcidere
711 496 830 553 suasos,

138 559 238 649 Atque
251 569 399 631 elementa
411 573 512 651 sequi,
526 591 604 633 nova
619 571 756 631 libertate
769 570 894 649 relicta,

139 661 261 723 Umbra
274 663 441 723 futurorum
453 661 545 724 reteri
554 664 664 724 servire
675 664 830 727 docebant.
1004 738 1008 745 Ι

141 754 207 815 Has
218 755 321 815 hahuit
338 755 454 817 Galatis
471 777 572 818 causas
585 757 774 818 conscribere
794 755 924 832 Paulusr
979 790 981 795 ·
1002 832 1005 837 Ι

139 849 215 911 Non
226 863 258 910 nt
271 847 426 931 Evangelii
437 861 552 929 partem
563 871 621 930 pro
636 869 766 931 corpore
780 862 845 910 toto
926 874 930 883 ¹
1004 838 1010 875 ¹

138 944 316 1025 Excipereut
325 943 476 1002 modicam
485 985 497 1018 Α,
509 943 617 1025 majori
628 957 714 1025 parte
734 943 845 1004 relicta.

139 1036 238 1116 Atque
250 1037 326 1096 adeo
343 1056 406 1096 non
422 1036 513 1102 rerha
531 1035 619 1113 iibri,
637 1039 688 1097 sed
700 1036 806 1096 missus
822 1037 855 1096 in
868 1038 975 1100 orhem
1001 1024 1010 1121 '¹

138 1130 209 1211 lpse
228 1127 380 1204 Christus,
395 1127 593 1212 Evangelium
610 1141 672 1204 est,
689 1129 714 1189 si
730 1149 854 1190 cernere
867 1131 973 1208 ruitis,

138 1224 167 1284 A
184 1235 269 1306 patre
285 1223 338 1301 qni
354 1223 453 1297 venit,
470 1221 550 1281 solus
568 1222 649 1282 hona
665 1221 770 1281 nuntia
787 1233 912 1302 portans

138 1316 307 1378 'l'estihcata
320 1315 422 1396 prius3
440 1315 522 1394 cujus
539 1314 642 1395 ingens
653 1313 750 1399 gloria
760 1313 913 1395 complet,
1001 1396 1006 1407 ,

137 1409 311 1470 Ostendens
329 1426 441 1487 opere,
453 1417 578 1484 quantus
585 1407 623 1466 sit
633 1407 773 1468 conditor
783 1407 875 1469 urhis.
911 1415 914 1418 ’

140 1502 234 1583 Cujus
251 1501 345 1573 sacta,
362 1497 452 1558 simul
469 1498 554 1558 dictis
575 1501 750 1581 conjuncta,
770 1499 874 1562 fideles

137 1595 188 1655 Illi
202 1592 377 1665 Matthaeus,
394 1588 534 1666 Marcus,
553 1588 725 1671 Lucasque,
741 1590 765 1651 J
767 1610 901 1669 oannes,
1011 1662 1016 1669 ¹

140 1685 494 1766 Conscripsere,’mera,
511 1704 573 1743 non
596 1697 693 1744 extera
712 1685 802 1745 rerba
820 1684 933 1764 locuti,
1012 1756 1016 1765 Ι

139 1778 254 1861 Spiritu
269 1788 367 1838 sancta
380 1774 460 1851 Dei,
480 1788 563 1836 tanto
577 1789 723 1858 praesente
738 1778 891 1860 magistro.

181 1869 244 1931 Hic
262 1889 352 1952 agnus
365 1867 486 1929 Paschae
498 1869 687 1948 suspenditur
701 1870 797 1930 hostia
809 1871 909 1953 1131103
1007 1924 1015 1951 Ι.

139 1964 232 2025 Hunc
252 1961 361 2023 Paulus
373 1960 483 2041 phase,
499 1961 690 2022 conscribens
710 1964 828 2023 decreta
843 1961 1014 2044 Corintho,

138 2054 285 2118 Occisum
297 2056 404 2128 tradit,
418 2054 588 2133 vitamque,
603 2054 766 2133 Deumque
777 2055 911 2116 futurum

138 2147 342 2222 Promissum,
357 2146 490 2227 patribus
501 2167 575 2224 quos
587 2145 766 2208 illectaverat
775 2160 853 2208 ante.

139 2243 264 2305 Cernite
276 2241 347 2319 quid
360 2240 469 2313 virtus,
483 2239 554 2316 quid
568 2235 688 2300 Paschae
702 2240 795 2320 possit
807 2241 928 2324 imago,

140 2334 191 2397 sie
204 2354 307 2396 rerum
320 2331 391 2410 quid
401 2331 439 2389 sit
449 2330 586 2410 poteritis
600 2328 712 2392 Pascha
723 2332 835 2394 videre.

138 2428 189 2489 Ne
202 2427 276 2486 fidus
286 2435 391 2504 pater,
405 2435 434 2483 et
446 2435 526 2483 vates
536 2467 545 2496 ,
557 2424 605 2484 cui
620 2424 726 2505 pignus
736 2436 766 2484 et
776 2425 872 2486 haeres

140 2521 235 2584 Carus
245 2529 320 2589 erat,
332 2535 421 2595 quem
434 2516 511 2577 {orte
524 2513 609 2576 Deus
622 2518 783 2577 donaverat
795 2518 861 2592 itti,

138 2614 231 2675 Hunc
247 2609 316 2669 Deo
331 2621 488 2683 mactaret,
502 2610 613 2669 merito
623 2622 751 2670 tentatus
762 2630 886 2684 amorc;

136 2703 327 2787 Supplicium
341 2721 499 2781 magnum,
517 2715 632 2763 sanctus
648 2723 705 2782 pro
721 2704 863 2786 sanguine
874 2707 1016 2790 sangnis,

138 2797 297 2861 Connexus
310 2798 404 2874 capite
422 2795 516 2874 spinis
529 2795 694 2854 ostenditur
705 2813 818 2878 agnus,

137 2889 244 2950 Hostia
256 2898 355 2947 sancta
367 2886 446 2946 Deo.
461 2884 555 2966 Cujus
565 2888 602 2947 de
616 2900 713 2948 morte
730 2888 804 2968 piati

134 2981 221 3043 Esset
229 2992 262 3040 nt
274 2981 305 3038 in
318 2979 434 3060 signnm
445 2991 475 3038 et
490 2991 607 3039 vastatae
624 2981 751 3062 pignora
767 2980 886 3063 gentis,

134 3072 285 3156 Sanguine
299 3066 450 3152 signantur
460 3067 582 3153 postes,
594 3083 624 3131 et
635 3071 740 3133 limina
753 3072 865 3150 multa,
