2046 3712
85 276 144 339 238
372 286 454 339 cs.
471 286 677 340 estiennot
849 272 919 337 vtd

126 378 201 440 llaec
211 378 263 438 ubi
277 379 356 440 dicta
369 380 468 453 dedit,
488 398 613 461 passus,
624 378 676 439 bis
688 392 778 440 terne
789 376 892 441 deren

85 472 216 531 Lumina
227 491 360 532 convexo
372 485 466 533 terras
479 485 686 533 transcurrere
697 471 795 547 coelo,

85 564 166 625 'l'um
179 586 282 624 secum
294 566 376 645 jubet
390 566 554 646 abruptum
567 566 781 627 conscendere
789 576 907 629 morin

89 655 235 733 Petrum,
250 657 442 736 zebedeique
456 659 531 719 duos
542 678 600 739 per
612 658 703 719 devia
714 670 815 719 natos.

89 750 166 811 lude
180 752 232 811 ubi
247 764 425 832 perventum
438 752 546 813 secreti
557 751 672 811 montis
685 751 720 811 in
732 770 853 837 arcent,

90 842 246 904 Continuo
262 842 399 905 Christus
411 843 520 905 faciem
534 843 650 926 fulgore
662 864 796 907 corusco

89 935 224 996 Mutatur
235 981 244 1011 ,
256 936 404 1015 vestisque
416 936 496 998 nivis
508 938 639 997 candore
651 936 788 999 nitescit.

91 1028 268 1108 [lespiciunt
281 1028 424 1104 comites,
438 1029 634 1107 mediumque
646 1029 791 1092 assistere
803 1028 903 1095 renuis

91 1120 185 1195 Eliae,
201 1120 342 1199 Musique
353 1121 464 1181 vident.
478 1119 561 1181 Turn
573 1121 645 1181 talia
655 1118 771 1183 Petrus
785 1147 797 1183 τ

94 1215 242 1294 Respice,
256 1234 331 1274 num
343 1213 433 1275 nobis
444 1213 546 1295 potius
557 1213 713 1276 discedere
724 1214 835 1301 longe,

83 1309 143 1368 -An
156 1307 243 1370 isthic
256 1320 343 1368 tantae
356 1307 527 1387 spectacula
537 1328 661 1369 cernere
673 1308 771 1370 molis

96 1398 266 1462 Conveniat
280 1425 288 1461 ι
300 1401 380 1460 trina
391 1413 494 1460 temen
506 1400 556 1463 bic
569 1400 701 1463 tentoria
711 1402 824 1481 vobis,

98 1492 131 1552 Si
141 1494 261 1574 jubeas,
274 1493 393 1554 frondis
403 1493 513 1556 faciam
524 1493 642 1554 diversa
652 1507 784 1574 paratu,

98 1585 224 1668 Singula
236 1588 291 1647 sub
305 1600 426 1648 noctem
439 1609 508 1666 quae
518 1606 573 1648 vos
584 1587 676 1648 aulaea
689 1601 862 1669 receptent.

98 1679 185 1740 Talia
197 1683 270 1742 dum
284 1681 437 1760 loquitur,
450 1680 527 1741 coelo
538 1680 714 1763 praefulgida
725 1682 830 1743 nubes
861 1710 870 1723 ·

101 1772 303 1854 Circumjects
317 1772 411 1834 oeulis
423 1772 548 1834 vestibat
560 1772 677 1833 lumine
689 1787 849 1851 montem,

100 1865 141 1925 Et
154 1888 210 1926 vox
223 1889 238 1927 e
252 1867 353 1926 medio
367 1866 441 1926 lucis
456 1866 612 1926 manifesta
624 1868 756 1928 cucurrit
772 1892 781 1928 ε

103 1959 220 2022 Unicus
231 1961 280 2021 bic
293 1981 378 2020 meus
392 1974 435 2020 est
448 1974 549 2037 uetus,
563 1980 633 2020 mee
641 1959 707 2020 sola
717 1961 875 2033 voluntast

105 2053 202 2135 Hujus
215 2056 355 2136 justitiam
370 2056 446 2132 justo
460 2054 669 2134 comprendite
683 2055 787 2114 corde.

103 2145 254 2228 Discipuli
267 2147 375 2228 pavido
388 2161 559 2225 presserunt
573 2167 702 2226 corpore
716 2158 846 2207 terram..

105 2239 173 2301 Nec
186 2242 268 2320 prius
282 2262 298 2299 e
312 2260 410 2320 prono
423 2240 519 2300 vultus
530 2238 686 2300 sustollere
699 2261 768 2301 casu

107 2332 283 2407 Audebunt,
303 2346 405 2394 sancto
422 2331 534 2393 Christi
548 2334 606 2392 nisi
621 2335 739 2394 dextera
752 2347 835 2395 tactu

108 2423 292 2487 Demulcens
305 2425 421 2485 blandis
433 2427 578 2486 firmasset
592 2440 714 2506 pectora
728 2427 851 2487 verbis:

110 2514 244 2600 Surgite,
259 2531 288 2578 et
299 2520 449 2601 abjectum
461 2519 553 2580 fortes
566 2519 676 2581 calcate
693 2520 864 2594 timorem,

112 2610 179 2673 Nec
193 2613 332 2691 cuiquam
345 2634 475 2694 praesens
485 2615 633 2693 pandatur
643 2613 720 2674 visio
735 2613 842 2686 vobis,

111 2704 156 2765 Ni
168 2708 250 2787 prius
262 2707 320 2768 buc
332 2706 464 2766 hominis
477 2706 596 2767 soboles
610 2706 745 2787 speciosa
759 2715 894 2787 reportet

111 2799 147 2861 ln
162 2800 259 2861 lucem
274 2801 406 2860 reserens
420 2800 526 2860 mortis
538 2801 574 2860 de
588 2801 656 2859 sede
672 2800 816 2879 tropbtea.

113 2888 322 2975 Consurgunt,
336 2893 493 2970 solumque
506 2892 625 2966 vident,
638 2905 666 2951 et
677 2911 752 2953 voce
765 2891 919 2970 requirunt

114 2982 178 3044 Cur
189 2988 306 3067 scriptis
319 2999 452 3047 veterum
467 2982 642 3046 Scribarum
655 2985 745 3048 tactio
758 2995 868 3061 certet,

112 3075 214 3137 Eliavn
228 3081 362 3159 primum
376 3079 441 3142 coeli
456 3080 492 3140 de
505 3079 576 3143 sede
586 3079 700 3142 reverti
