2018 3714
16 260 45 298 v.
61 256 112 320 77.
200 245 378 299 wimm-
392 245 429 297 IN
444 244 589 299 GHtESm
603 245 666 299 ΠΒ.
680 242 729 297 111:
841 237 897 323 ¹37

15 339 94 401 Nou
103 340 186 401 bene
197 335 364 419 composita
374 356 442 399 cum
453 348 534 396 veste
544 337 673 417 jaceret,
686 338 836 422 humique

16 430 209 508 Prostratus‚
222 430 383 514 spectanda
394 430 477 490 daret
487 430 626 513 genitalia
639 433 715 493 uatis

13 524 162 590 Membra
173 526 253 601 suis,
268 523 320 585 uui
334 523 388 585 tibi
403 521 500 586 Cbam
512 524 664 587 teterrime
676 526 768 589 risum

13 619 119 684 Movit
133 622 220 704 origo
231 620 292 695 tui,
306 640 363 681 nec
373 621 436 703 jam
447 638 584 701 peccasse
597 634 641 681 sat
653 621 706 681 uui

14 713 94 777 Esse
104 715 160 777 tibi
174 715 312 788 credens,
325 712 429 775 fratres
441 715 596 796 aspergine
608 713 703 795 culpae

19 809 189 874 Contendit
198 806 348 871 maculare
360 821 416 869 tuae
428 831 435 867 ε
448 807 592 869 sententia
604 808 700 869 molto

13 905 108 984 Quos
119 902 247 977 melior,
261 901 428 981 meliorque
440 901 576 975 animos,
588 902 703 963 detecta
715 902 848 984 parentis

16 993 150 1080 Obiecta
161 995 263 1059 docuit
276 994 372 1058 celare
383 995 479 1056 virilia
494 994 572 1077 palla
586 1018 593 1053 ε

13 1088 49 1152 N
52 1110 103 1151 aru
113 1091 243 1172 patrium
256 1090 364 1151 aversis
375 1089 512 1150 manibus
522 1103 619 1150 texere
630 1091 790 1171 pudorem.

17 1181 180 1245 Sedsimul
191 1196 278 1263 atque
290 1182 410 1264 Japhe,
424 1182 476 1241 tali
489 1182 661 1264 dignissima
674 1196 758 1264 patre

14 1275 166 1361 Pignora,
176 1297 252 1358 quos
260 1276 329 1337 ideo
341 1275 440 1337 fratris
450 1276 531 1336 dedit
543 1296 605 1336 esse
619 1275 746 1337 minoris

11 1368 93 1432 Jurc
106 1384 192 1453 pater
202 1369 359 1444 dominos,
372 1389 480 1430 somno
493 1369 621 1447 vinoque
632 1368 753 1429 solutus.

12 1461 80 1545 Qui
94 1485 165 1525 mox
175 1476 314 1524 natorum
327 1461 467 1544 evigilans
478 1460 634 1523 benefacta
644 1481 788 1537 suorum,

11 1554 57 1619 Et
69 1555 168 1620 etum
181 1556 361 1618 demeritum
375 1556 425 1615 tali
439 1556 577 1619 mercede
592 1556 748 1637 rependit:

17 1649 120 1714 ctum
131 1663 179 1725 tu,
194 1650 308 1729 inquit,
321 1649 494 1709 maledictus
507 1649 566 1710 eris
577 1692 586 1723 ,
597 1670 756 1731 servusque
770 1662 892 1713 tuorum

10 1740 181 1805 AEternutu
194 1744 246 1804 iies
257 1755 380 1825 ventura
394 1742 425 1802 iu
439 1743 536 1804 secula
547 1742 681 1805 fratrum.

12 1834 173 1899 sumsero
184 1837 356 1898 benedictus
368 1836 439 1909 erit,
454 1836 634 1916 fratremque
644 1836 797 1898 minorem

10 1927 201 2013 Participem
209 1950 310 1992 secum
321 1931 474 1992 communi
486 1933 556 1991 sede
570 1931 722 1991 bonorum

11 2024 154 2099 Effluet,
169 2043 298 2105 quorum
311 2023 369 2085 late
382 2024 528 2105 possessio
542 2036 649 2084 currat.

12 2117 88 2182 llaec
100 2120 179 2179 fatus
188 2115 306 2192 senior,
321 2138 390 2179 cum
402 2119 464 2198 jam
476 2118 646 2177 decurreret
657 2132 752 2175 anuos

14 2210 101 2275 Mille
112 2211 216 2273 miuus
227 2212 325 2274 decies
335 2211 458 2291 quinos,
473 2211 504 2269 in
519 2229 592 2289 pace
605 2207 726 2288 quievit.

53 2304 173 2367 interea
184 2303 312 2366 Domini
324 2306 395 2364 dum
409 2316 508 2365 sancta
521 2305 552 2363 in
564 2302 628 2386 lege
641 2301 753 2385 vigeret

19 2392 195 2473 posteritas,
208 2397 308 2458 multis
317 2398 437 2479 jamque
448 2410 532 2459 aucta
544 2396 721 2478 nepotibus,
734 2406 763 2456 et
775 2414 808 2457 se

17 2488 173 2555 Coeiorum
186 2511 221 2553 ac
232 2504 318 2552 terrae
331 2490 466 2551 Domino
479 2491 677 2552 committeret
689 2489 740 2550 oui
753 2512 761 2552 a

19 2578 98 2649 Tunc
108 2586 221 2647 sanctis
231 2584 388 2647 bominum
400 2585 544 2665 parebant
554 2584 656 2646 omnia
666 2583 769 2666 jussis,

20 2672 108 2740 Terra
117 2678 237 2762 graqis‚
250 2678 396 2757 liquidum
411 2678 547 2761 pelagus,
560 2677 731 2763 vegetabilis
745 2696 816 2752 aer,

15 2766 85 2834 Nou
98 2793 180 2854 opus
191 2783 254 2832 arte
268 2771 342 2847 ittis,
357 2772 466 2833 coelesti
480 2794 608 2853 namque
620 2772 759 2853 magistro

14 2862 131 2926 Omnia
143 2864 313 2926 discebant:
326 2867 378 2925 sed
394 2852 548 2946 postquam
561 2866 590 2925 iu
605 2865 731 2927 crimina
742 2862 870 2925 mundus

10 2953 110 3033 Exiit,
125 2970 158 3018 et
170 2957 228 3017 late
240 2958 318 3018 vitiis
329 2979 391 3019 sese
405 2958 519 3033 abdidit
531 2959 619 3032 imis,

10 3047 152 3115 Perdidit
163 3051 278 3136 insigne
289 3051 348 3115 hoc
360 3072 468 3115 munus
479 3053 617 3115 mutuata
626 3069 778 3135 propago,

701 3164 737 3206 ua
