2018 3714
16 283 44 331 v.
58 263 134 335 διε.
200 274 385 337 convient.
407 283 445 336 nv
465 280 617 342 Genesin
635 289 700 343 nn.
714 286 735 340 t.
846 299 901 339 ιιι

18 371 60 433 Et
71 395 122 451 re,
139 378 221 456 quod
235 378 347 451 donat,
362 377 474 437 mavult
487 379 596 440 debere
607 380 711 442 videri.

17 465 59 526 Ar
71 480 104 527 tu
115 491 208 547 quem
219 469 297 531 sacri
310 470 402 531 nectit
413 472 545 532 custodia
558 474 646 552 juris,

16 554 69 621 Ne
82 582 213 641 querere
224 563 352 643 angustis
365 564 445 640 qnod
459 563 556 625 clausa
570 565 690 626 licentia
702 566 790 626 metis

17 649 110 714 Parte
123 655 162 715 sit
173 655 248 715 orba
258 655 304 715 sui
316 678 324 714 ε
338 654 383 714 nil
391 655 447 717 hae
459 657 516 717 tibi
528 658 591 740 lege
606 659 736 719 recisum
748 671 804 719 est.

18 744 99 808 Ante
112 760 293 827 potestatem
305 760 420 809 tantum
433 761 577 828 terraeque
593 751 742 830 marisque

16 836 136 901 Nactus
149 861 236 915 eras,
249 861 330 901 nunc
341 841 403 921 jam
419 843 504 924 regni
517 843 640 922 vitaeque
652 843 810 923 perennis,

15 929 120 994 Porro
132 947 162 995 et
174 934 280 994 mortis
291 933 382 994 habes
394 958 402 994 ε
416 947 486 996 tnnc
496 948 528 995 ut
540 936 597 996 sibi
610 948 714 998 cuncta
725 949 882 1017 parentem

15 1021 181 1087 indulsisse
192 1025 278 1107 pium
291 1027 373 1087 rudis
386 1026 485 1088 incola
498 1029 633 1089 crederet
644 1029 745 1104 orbis,

19 1115 127 1178 Omne
139 1117 274 1193 animal,
288 1121 369 1198 quod
381 1121 443 1200 jam
456 1120 542 1180 tellus
556 1123 627 1181 dare
639 1124 717 1202 jussa
730 1136 860 1199 crearat,

16 1207 191 1272 Effundens
203 1212 295 1274 tacito
307 1233 433 1274 vernans
442 1234 458 1273 e
468 1232 596 1294 corpore
609 1234 727 1289 semen,

16 1301 120 1364 «lussit
133 1305 235 1365 adesse
246 1304 351 1377 Deus,
366 1306 551 1386 proprioque
565 1306 689 1366 obedire
702 1320 829 1391 tyranno
842 1331 849 1368 ι

23 1391 150 1458 Scilicet
162 1408 195 1457 ut
205 1397 319 1460 eunetis
329 1396 405 1458 bene
418 1417 548 1479 congrua
561 1399 685 1459 nomina
700 1400 788 1460 rebus

17 1486 163 1564 luderet,
178 1501 266 1567 atque
277 1509 330 1551 suo
342 1488 454 1551 iactum
466 1510 558 1551 unum
571 1492 709 1570 quodque
721 1506 842 1554 voearet

18 1578 180 1656 Nomine,
194 1594 300 1642 natura
312 1583 392 1661 quod
405 1595 508 1642 natum
522 1596 565 1643 est
577 1597 680 1664 suapte
695 1587 820 1646 moveri.

61 1673 132 1745 Nee
144 1695 249 1750 mora,
263 1675 415 1737 viventum
426 1677 552 1756 parendi
565 1676 643 1736 haud
655 1679 755 1737 nescia
767 1679 842 1737 sistit

20 1765 129 1833 Omne
137 1789 231 1850 genus
240 1781 346 1837 natura
357 1767 427 1828 Deo
441 1792 448 1829 :
460 1789 634 1849 quacunque
647 1781 791 1832 vocantur

20 1858 133 1921 Mundi
146 1874 232 1942 parte
243 1861 334 1937 novi,
350 1876 458 1925 coeunt
470 1862 610 1926 animalia
623 1864 733 1944 inipso

18 1951 189 2034 Temporis
203 1954 328 2020 articulo
334 1957 452 2034 ¹modici
464 1981 471 2015 :
485 1958 547 2017 sive
559 1957 611 2016 illa
623 1957 745 2017 luissent

20 2040 331 2129 luthuringiam,
344 2060 394 2108 aut
407 2049 513 2129 rapido
526 2049 752 2128 promptissima
765 2069 871 2124 eursu,

21 2136 142 2219 impete
154 2139 203 2201 vel
210 2138 313 2199 subito
326 2154 467 2201 consueta
482 2162 538 2221 per
552 2160 621 2200 aera
635 2139 712 2214 labi,

25 2228 80 2291 Aut
92 2231 201 2291 innare
212 2231 316 2306 undis,
329 2244 379 2292 aut
391 2234 526 2312 pondere
537 2231 652 2292 lubrica
665 2232 748 2291 ferri.

26 2319 79 2387 llis
92 2320 182 2385 Deus
195 2324 387 2403 omnipotens
400 2324 499 2385 Adam
511 2337 656 2404 praesente
668 2325 797 2401 voeatis,
853 2357 856 2365 ,

27 2414 272 2495 Unumquodque
285 2437 339 2477 suo
353 2418 475 2479 donavit
488 2437 612 2478 munere
624 2417 737 2499 largus,

23 2506 222 2587 Amovitque
231 2528 341 2581 manu,
356 2529 467 2584 cornu,
481 2511 578 2590 pede,
594 2511 701 2585 dente,
716 2530 850 2585 veneno,

24 2598 122 2680 Atque
133 2599 217 2676 aliis,
230 2601 337 2679 quibus
349 2603 420 2661 artis
433 2602 521 2682 inops
534 2602 686 2681 animique
698 2602 825 2662 minoris

25 2686 60 2754 Et
74 2694 196 2753 ratione
207 2713 310 2755 carens
323 2694 434 2754 animal
447 2715 478 2756 se
489 2707 644 2777 protegat,
657 2707 728 2754 etse

26 2781 131 2847 servet
144 2786 184 2845 ob
198 2787 326 2848 adversis
338 2786 425 2847 rebus
439 2810 446 2846 :
460 2788 512 2848 sed
526 2786 644 2846 nullum
656 2786 844 2844 animantum

26 2876 132 2957 Eque
142 2877 263 2939 homini
274 2879 374 2959 speeie
388 2878 527 2957 vultuque
539 2879 701 2954 habituque
717 2877 843 2960 vigebat.

29 2970 79 3033 Aa
89 2970 213 3032 homini
226 2992 322 3053 prope
336 2971 453 3051 divinos
466 2971 591 3031 addebat
603 2969 748 3045 honores,

31 3058 147 3150 'lotque
159 3064 240 3129 inter
252 3064 366 3148 duplici
378 3065 469 3130 vitam
482 3061 662 3127 illustrantia
671 3081 741 3125 sexu
