2018 3714
71 335 101 376 v.
113 311 184 396 547.
277 318 516 378 septuennem
533 315 623 377 uts‘r.
640 318 703 378 tte.
721 327 740 379 t.
894 312 951 396 r93

74 418 169 497 Quod
182 416 207 478 si
221 412 397 498 pratorum,
411 417 608 497 fruticumque
622 419 747 479 virentia
759 418 825 479 loeta

70 510 144 591 lpse
161 511 242 571 Deus
254 511 358 586 vestit,
373 511 481 571 nostris
496 513 622 572 obnoxia
635 511 782 589 flammis,

74 602 141 666 Cur
154 598 243 666 vobis
249 604 351 685 potior
362 625 423 663 non
436 616 478 664 est
490 606 594 666 fiducia
604 607 717 687 patris?

72 697 158 780 Ergo
172 697 271 772 cibus,
285 710 411 779 potum,
424 710 613 777 vestemque,
628 713 656 758 et
672 699 772 759 inania
786 712 907 776 mucta‚'

76 790 230 852 Gentibus
239 790 338 851 infidis
352 803 501 850 terrenam
514 791 637 872 linquite
652 813 763 854 curam.

69 883 140 969 ¹Vos
152 885 250 965 potius
261 887 348 968 digne
360 885 488 946 eoelestia
501 886 623 964 quaerite
636 906 745 968 regna,

72 978 286 1058 Justitiamque
299 978 375 1039 Dei:
389 990 551 1059 spontanea
563 991 667 1039 coetera
681 991 801 1040 current
814 1000 825 1039 τ

75 1069 216 1133 Crastina
226 1093 284 1134 nec
294 1072 380 1133 vobis
393 1084 512 1133 curetur
523 1072 609 1152 eopia
623 1093 733 1133 rerum.
791 1098 794 1103 >

72 1164 215 1247 Quisque
229 1166 291 1226 dies
300 1166 419 1226 sibimet
433 1165 501 1225 satis
515 1179 557 1224 est
571 1185 627 1245 pro
640 1164 742 1226 fraude
757 1167 873 1228 diurna.

114 1258 273 1320 dudicium
286 1271 417 1319 vestrum
429 1258 519 1340 fugiat
532 1258 682 1317 damuatio
696 1280 778 1320 sueva.

73 1351 106 1413 N
110 1373 163 1413 am
176 1351 327 1413 Dominus
338 1353 412 1433 juris
423 1352 509 1413 vestri
524 1353 699 1413 documenta
710 1366 857 1433 sequetur.

70 1446 157 1525 Quae
170 1466 224 1506 ros
235 1446 266 1505 in
277 1446 366 1507 terris
378 1446 508 1531 statuetis
520 1458 657 1524 tempore
671 1447 767 1527 capti,

68 1537 151 1600 Haeo
161 1540 271 1600 eudem
280 1539 366 1599 vobis
378 1539 493 1621 genitor
503 1539 630 1598 servabit
643 1539 673 1598 in
685 1541 783 1600 aethra.

66 1628 253 1693 Mensorum
264 1675 275 1707 ‚
288 1632 343 1691 tibi
356 1651 446 1713 quum
458 1631 565 1711 ponis,
578 1644 697 1710 portare
711 1654 829 1695 necesse
842 1644 898 1695 est.-

63 1722 187 1787 Cernis
194 1724 396 1787 ,adhaerentem
410 1724 550 1784 festucam
564 1725 595 1784 iu
609 1724 722 1784 lumine
735 1726 849 1802 fratris,

60 1815 142 1882 Nec
152 1832 256 1879 tamen
271 1818 303 1878 in
316 1816 441 1900 proprio
452 1818 566 1900 tignum
580 1819 738 1877 consistere
750 1821 864 1882 sentis?

60 1916 175 1993 Atque
188 1912 307 1974 oculum
318 1912 401 1992 prius
414 1911 533 1970 alterius
547 1930 672 1992 purgare
684 1910 822 1971 laboras?

56 2002 186 2086 Diripe
198 2006 250 2066 sed
262 2005 388 2085 proprio
399 2003 485 2062 sallas
498 2005 534 2062 de
546 2002 658 2061 lumine
671 2002 792 2083 tignum.

56 2096 154 2160 Tum
165 2097 324 2159 minimam
338 2095 456 2156 alterius
472 2095 588 2155 curabis
601 2097 721 2154 demere
734 2095 862 2157 aristam.

58 2190 98 2253 N
102 2213 121 2252 e
136 2191 260 2252 canibus
274 2202 405 2250 sanctum
421 2189 579 2263 dederitis,
593 2209 668 2248 neve
681 2187 776 2248 velitis

49 2278 217 2364 Turpiter
230 2282 391 2341 immundis
403 2284 511 2362 jactare
523 2281 649 2341 monilia
662 2282 771 2360 porcis.

61 2375 213 2455 Namque
226 2375 277 2434 itta
290 2375 321 2433 in
335 2393 419 2434 coeno
433 2375 559 2454 pedibus
572 2375 701 2454 subjecta
714 2374 873 2454 jacebunt,

55 2466 279 2548 Conversique
293 2454 359 2526 sues
371 2479 454 2527 vasto
466 2487 519 2527 ros
528 2466 649 2526 vulnere
664 2480 813 2546 rumpent.

107 2560 253 2622 Poscenti
269 2560 404 2634 dabitur,
419 2580 552 2637 quaerens
567 2560 685 2619 inventa
698 2560 828 2635 tenebit,

56 2646 263 2731 pulsantique
277 2653 371 2712 aditus
383 2651 498 2712 foribus
510 2653 657 2731 pandetur
668 2653 787 2732 apertis.

55 2740 134 2807 Vos
146 2745 285 2805 homines
298 2745 373 2804 natis
386 2765 496 2824 punem
508 2744 699 2825 poscentibus
713 2764 817 2803 omnes

59 2834 154 2900 Num
164 2838 297 2918 lapidem
309 2837 432 2912 dabitis,
443 2839 595 2918 piscemve
606 2837 788 2917 petentibus,
800 2842 944 2919 unguem?

60 2926 152 3007 Vos,
164 2932 306 3011 inquam,
321 2930 425 3012 rigidi,
441 2931 547 3008 quibus
562 2929 619 2989 ulte
631 2941 675 2989 est
688 2929 773 2989 insita
784 2933 866 2992 cordi

10 3026 21 3081 '.
62 3020 224 3098 Derides,
236 3023 340 3084 vestris
353 3023 460 3083 dabitis
473 3043 593 3103 semper
603 3023 683 3082 bona
695 3021 778 3081 natis.

65 3115 230 3199 Indulgens
242 3103 401 3177 bominum
410 3116 527 3200 genitor
536 3118 617 3177 bona
628 3115 713 3176 mitia
726 3114 812 3196 digne
