2018 3714
79 260 138 322 136
286 271 426 325 cununu
441 274 541 326 utun
556 274 720 329 wuronts
831 322 838 329 .
867 271 936 353 epp

74 366 120 425 Ut
133 365 206 426 mihi
216 388 277 428 non
290 367 371 428 solus
383 354 493 449 pendat
508 368 630 430 rationis
641 371 804 434 abundans

4 544 7 549 Ι
77 460 286 541 Supplicium,
300 464 352 522 sed
363 463 449 522 bruta
463 462 572 523 etiam:
588 484 680 525 cruor
694 467 843 529 omnibus
858 489 933 549 eque

75 552 122 615 Sit
135 575 216 616 sacer
228 556 382 616 humanus.
396 554 511 616 Verum
522 577 561 617 ne
573 569 677 637 postea
688 561 856 641 qnisquam

75 648 236 709 Diluvium
251 663 383 724 metuat,
396 646 446 709 tali
462 650 497 710 sit
510 650 621 711 saedere
632 664 734 712 tutus:

114 739 194 804 Cum
207 743 280 803 levis
293 743 323 801 in
337 742 461 803 nebulas
469 744 604 823 pendens
616 764 648 804 se
662 747 793 808 verterit
804 748 928 826 humor,

75 834 120 896 Et
131 837 228 919 nigras
241 836 399 898 cumularit
408 857 497 917 aquas
510 837 541 896 in
556 857 685 899 concava
697 840 818 918 nubes,

77 928 244 992 Effundam
257 930 374 1004 radios,
389 943 418 989 et
432 930 590 1012 pulchrum
602 932 705 994 circite
719 954 852 996 summu
891 950 894 955 '

76 1026 194 1086 Arcum
207 1036 368 1105 componet
381 1024 456 1082 mihi
468 1023 539 1084 solis
552 1024 651 1108 imago
664 1046 858 1106 recuruum,

76 1117 254 1200 Pingentem
267 1137 395 1179 convexa
406 1117 486 1197 poli,
501 1118 554 1196 qni
567 1117 632 1180 luce
643 1117 768 1180 colores

75 1210 220 1274 Exhibeat
230 1213 342 1286 varios,
356 1224 384 1271 et
395 1211 427 1270 in
438 1230 506 1271 aera
519 1210 641 1293 dissipet
653 1213 790 1288 imbres,

75 1304 156 1388 Ignis
168 1305 234 1386 plus
245 1305 351 1365 habeat
363 1303 502 1379 rutilans,
518 1316 546 1364 et
558 1305 619 1385 jam
631 1307 731 1366 minus
743 1307 880 1369 imbris:

76 1394 170 1480 Quod
180 1401 237 1461 sibi
252 1400 366 1460 venturi
378 1397 532 1479 specimen
543 1421 724 1479 praesumere
737 1401 818 1485 sigui

74 1491 237 1555 Posteritas
250 1513 351 1555 secura
364 1505 479 1573 potest,
492 1505 524 1552 nt
534 1488 646 1555 loedere
660 1493 714 1554 tali

77 1585 213 1647 Posthaec
225 1586 369 1650 diluvium
381 1587 481 1649 credat
491 1607 553 1648 non
567 1608 628 1649 esse
642 1588 826 1652 timendum.

78 1678 202 1741 Talibus
214 1680 315 1739 attenti
328 1681 464 1761 imperiis
477 1702 545 1743 cum
556 1683 680 1764 conjuge
691 1680 784 1757 Noe,

79 1770 152 1833 Post
161 1773 274 1834 habitas
288 1772 425 1834 Domino
438 1788 544 1858 grates,
560 1775 718 1855 laudesque
732 1796 898 1858 repensae,

81 1863 227 1930 Certatim
238 1881 267 1929 et
278 1867 353 1928 limo
366 1868 502 1948 dulcique
515 1868 624 1951 uligine
637 1869 708 1929 laeta.

76 1960 156 2023 Arva
169 1975 253 2042 pater
264 1961 384 2039 natique
397 1961 502 2034 simul,
518 1964 583 2043 quis
595 1962 710 2021 firmius
722 1984 846 2039 uerum,

78 2053 155 2115 Mox
163 2056 300 2137 subigunt
313 2055 430 2129 rastris,
444 2069 473 2114 ct
483 2056 598 2115 semine
612 2078 680 2116 rura
693 2058 851 2121 maritant.

76 2145 157 2208 'l'um
170 2170 238 2210 rere
252 2149 352 2208 effusis
364 2148 421 2207 late
433 2149 608 2208 densissima
622 2148 736 2229 campis

78 2239 184 2302 Herba
198 2244 295 2303 virens
306 2285 314 2316 ‚
325 2241 413 2300 llavas
427 2262 498 2302 cum.
508 2241 667 2302 duravisset
681 2241 808 2318 aristas,
861 2286 865 2293 -

82 2332 163 2395 Solis
175 2336 214 2396 ob
230 2337 351 2395 ardores
364 2336 395 2394 in
405 2335 519 2421 frugem
534 2334 609 2395 lacte
621 2335 718 2418 gelato

78 2427 194 2490 Reddit
207 2429 403 2510 multiplicem
416 2427 565 2490 cumulato
579 2429 682 2488 fenore
695 2448 828 2490 messem
843 2455 854 2493 ι

82 2521 124 2583 Et
136 2544 212 2582 nova
227 2522 409 2604 praegravido
420 2524 480 2602 jam
492 2520 615 2602 palmite
629 2523 713 2581 vinea
727 2522 783 2582 diti

79 2613 221 2677 Luxuriat
233 2617 347 2689 fructu,
363 2627 497 2693 tortaque
511 2637 545 2674 ex
557 2614 665 2674 arlture
678 2626 782 2677 nectar

80 2707 232 2785 Parturit,
247 2723 274 2770 et
287 2710 361 2768 duro
376 2710 525 2769 nascentia
536 2707 644 2789 pocula
655 2707 744 2790 ligne

120 2803 214 2864 Forte
225 2803 295 2863 Deo
308 2800 378 2862 Noe
391 2803 558 2864 celebrabat
569 2792 650 2861 laetus
662 2802 792 2862 honores
805 2846 816 2878 ,

80 2897 239 2979 Indulgens
252 2895 341 2956 sacris
352 2894 467 2976 epulis,
483 2895 657 2974 Vinumque
673 2897 844 2974 propinans

82 2988 186 3050 Prima
198 3012 213 3050 e
227 2991 285 3051 v-ite
298 3009 410 3049 novum
424 3014 430 3048 ε
446 3009 505 3066 qno
518 2989 640 3048 demum
650 2988 758 3069 largius
770 2989 902 3067 hausto,

82 3081 166 3147 Hinc
178 3083 239 3146 altu
250 3082 385 3167 gravidus
398 3103 525 3161 sumno,
538 3082 744 3162 membrisque*
753 3081 881 3162 solutu,
