2018 3714
120 281 177 323 no
327 272 471 326 otsoott
486 272 589 325 nanu
607 270 775 325 ttcrottts
881 258 978 322 nitu

116 368 227 429 Donec
239 364 332 425 siccus
343 365 446 443 aquis,
459 385 572 424 nomen
584 383 702 444 quoque
714 363 864 447 prodigus
874 364 967 447 ipsum

119 459 317 524 Consummat
327 456 435 532 terris,
449 457 545 539 pelagi
552 459 635 536 quod
648 456 752 517 debuit
761 459 864 521 undis.

122 555 126 561 '
160 552 236 612 ttaec
249 550 336 632 igitur
346 562 453 612 cuncto
465 562 577 609 naturae
589 548 661 609 ditia
674 548 736 608 fetu

117 644 250 726 Imperia
263 685 271 718 ‚
287 655 316 702 et
328 655 407 702 tanta
419 641 562 702 virtutum
571 643 642 701 dote
652 641 771 703 refertas

117 737 265 809 Deliciae,
279 735 378 815 prima
391 746 434 793 est
444 734 576 794 hominis
589 733 736 814 possessio
749 733 848 815 primi
861 758 872 796 a

117 831 155 892 ln
169 849 259 909 quam
269 828 426 902 deductus,
438 827 498 887 vita
511 827 627 887 exulare
638 826 767 906 perenni

118 922 232 985 Accola
243 923 336 1002 jussus
349 932 429 993 erat,
443 919 516 979 tales
530 940 600 1001 ergo
613 918 663 979 itte
675 919 791 981 locatus

118 1016 203 1077 Inter
215 1012 355 1086 delicias,
370 1024 398 1070 et
409 1011 496 1093 louge
509 1011 631 1093 pinguia
649 1009 792 1093 Tempe:

118 1108 204 1169 Dum
216 1108 248 1167 fit
258 1106 353 1167 adbuc
366 1105 490 1186 dignus,
505 1104 648 1183 discitque
662 1102 766 1164 labore
779 1104 920 1183 mereri,

119 1199 236 1283 Expers
247 1218 431 1272 moerorum,
445 1217 579 1276 cursuque
590 1197 706 1277 ignarus
717 1199 834 1280 agebat.

120 1292 252 1355 Tantum
261 1292 339 1372 apud
345 1302 496 1351 auctorem
504 1301 546 1349 est
555 1289 670 1364 ‚meriti
679 1310 735 1371 pro
742 1291 872 1352 nomine
878 1290 990 1367 summi,

121 1384 270 1449 Nondum
289 1383 401 1462 aliquid
413 1379 556 1442 memisse
568 1381 649 1442 maii.
668 1380 829 1462 Quantum
850 1404 927 1470 ergo
940 1390 991 1467 'pu-

286 1490 402 1550 tamus,

125 1570 250 1632 Solvere
263 1583 351 1650 posse
362 1581 479 1649 patrem
491 1569 622 1629 reditura
635 1569 666 1629 in
681 1581 821 1649 tempora
834 1568 924 1632 vitae:

125 1662 220 1743 Cujus
232 1662 311 1740 apud
323 1661 449 1721 famulos
459 1662 520 1742 jam
531 1674 595 1721 tum
609 1661 725 1744 largitio
738 1682 835 1742 pura,

124 1754 199 1816 Non
207 1772 322 1813 merces
336 1750 491 1813 Paradisus
502 1756 585 1814 erat?
598 1751 735 1834 quodque
748 1753 922 1818 illaseverae

125 1846 213 1928 Legis
223 1845 294 1906 scitu
306 1843 391 1918 tulit,
405 1844 606 1927 libertatisque
619 1846 767 1926 periclum

125 1939 288 2014 Facturus,
302 1937 392 1996 vitam
403 1938 551 2013 ‚servanti
564 1939 641 2019 jussa
651 1981 660 2013 ‚
672 1939 785 2019 recepit
799 1962 807 1998 ε

126 2030 263 2114 Spondet
276 2031 369 2092 adbuc
382 2033 495 2111 majora
505 2032 610 2106 bonis,
626 2044 655 2090 et
667 2033 790 2112 praemia
802 2045 923 2110 servat,·

127 2125 191 2206 Qui
203 2145 320 2187 causam
332 2124 445 2183 meritis
457 2124 555 2183 statuit
568 2125 657 2184 :dum
670 2129 817 2201 Vescera,
832 2126 925 2202 dixit,

127 2218 294 2279 Arboribus
306 2216 436 2290 cunctis,
448 2217 524 2278 bauo
533 2229 649 2276 tantum
663 2217 787 2279 horrere
800 2231 971 2295 memento,

131 2310 210 2390 Quae
222 2310 403 2369 diversarum
415 2321 528 2390 gestans
541 2310 676 2369 examina
688 2330 809 2386 rerum,

129 2401 279 2463 Notitiam
291 2401 364 2461 recti
377 2414 463 2480 atque
476 2401 547 2461 mali
560 2402 613 2463 snb
627 2403 738 2464 cortice
749 2413 861 2486 gestat:

130 2496 215 2557 Nam
227 2507 454 2576 transgressores
468 2515 549 2556 mors
562 2496 652 2556 cruda
665 2508 695 2555 et
706 2495 771 2555 dira
780 2508 932 2574 sequetur.

171 2586 240 2647 Tali
253 2585 316 2667 lege
330 2587 411 2661 data,
424 2588 503 2648 rario
516 2588 603 2650 dotet
616 2588 749 2669 optima,
760 2590 842 2668 quod
852 2609 919 2663 non

132 2678 294 2742 Mortalem
308 2677 393 2738 Deus
405 2679 436 2738 in
449 2680 592 2759 primaevo
605 2692 743 2760 tempore
754 2680 825 2741 iecit

133 2774 272 2835 Primum
279 2770 452 2845 bominem,
464 2772 593 2851 quinille
604 2773 661 2833 sibi
668 2785 798 2832 mortem
809 2772 907 2834 attulit
918 2771 1004 2834 ultro.

133 2866 274 2944 Namque
288 2875 317 2923 et
328 2863 427 2924 inboc
439 2877 482 2924 est
494 2885 600 2947 magna
611 2865 674 2926 Dei
684 2865 865 2948 indulgentia
875 2867 1005 2943 summi,

132 2958 218 3019 Dum
231 2958 310 3036 quod
321 2977 383 3015 non
396 2957 528 3032 meritis,
542 2959 593 3018 sed
606 2971 721 3019 tantum
733 2972 839 3039 sponte
851 2960 983 3046 benigna

135 3050 271 3134 largitur
282 3048 416 3128 famulis,
427 3051 523 3110 nostri
536 3052 619 3133 eupit
628 3072 690 3114 esse
702 3050 814 3115 laboris
826 3074 835 3113 ε
