2018 3714
27 260 56 301 v.
73 234 148 299 585.
223 248 466 309 evaunensem
480 252 568 306 nisa.
584 251 648 304 nn
663 255 706 306 ιιι.
851 239 912 325 alr

25 341 225 427 lngredlmur
235 342 338 425 gnari,
351 344 573 423 truculentaque
583 345 693 406 moenia
702 344 831 405 adimus..

26 437 129 499 Filius
143 437 193 500 bic
203 436 337 499 bominis
349 439 493 518 prodetur
504 439 543 498 ad
553 436 658 498 ultima
671 439 792 515 mortis,

26 528 226 605 Scribarum,
241 550 460 612 procerumque
475 533 572 592 serens
585 530 713 592 ludibria
726 533 890 609 membris,

25 624 204 705 Affixnsque
216 623 298 687 cruci
311 636 377 704 post
388 625 475 684 tertia
487 624 603 684 lumina
613 637 720 708 surget.

71 717 158 779 Hinc
168 731 232 777 tum
244 714 376 803 zebedei
389 719 495 799 conjnx
505 716 651 778 submissa
663 719 802 802 rogabat,

27 808 78 871 Ut
94 808 214 872 Christo
227 810 331 871 medio
344 808 410 871 coeli
422 811 558 872 sublimis
570 812 600 870 in
612 831 681 874 arce

27 902 151 967 Felices
161 903 223 963 nati
235 904 355 977 dextra,
369 902 499 982 laevaque
512 906 667 976 sederent,

26 994 109 1057 Tum
123 995 230 1077 quaerit
245 993 400 1072 Christus,
416 997 540 1059 calicem
553 999 578 1057 si
593 1017 711 1059 sumere
724 1012 861 1079 possent,

31 1089 133 1172 Quem
142 1090 201 1152 sibi
214 1092 370 1171 praeceptis
382 1092 504 1152 instaret
513 1112 634 1152 sumere
644 1093 746 1171 patris.

29 1180 229 1266 Respondent
240 1203 272 1243 se
284 1204 371 1263 posse
383 1184 482 1245 simul.
494 1183 576 1245 Tum
589 1183 661 1245 talia
675 1181 829 1247 Christus:

27 1276 94 1341 Vos
105 1291 245 1339 nostrum
255 1277 379 1339 calicem
391 1278 435 1338 fas
446 1291 490 1339 est
502 1290 625 1359 potare,
637 1281 688 1339 sed
702 1278 769 1339 altis

28 1370 159 1435 Sedibus
165 1372 274 1450 aeqnali
287 1392 405 1433 mecum
420 1372 577 1434 considere
590 1371 724 1446 bonore,

24 1463 57 1529 N
59 1488 101 1528 on
114 1467 176 1529 boc
186 1478 291 1528 nostra
305 1465 386 1527 dabit
398 1466 537 1545 cuiqnam
549 1484 606 1546 pru
620 1483 745 1525 munere
758 1463 858 1527 virtus.

12 1560 104 1623 Haec
114 1560 205 1623 certis
215 1560 335 1642 genitor
345 1558 484 1620 sublimia
497 1559 576 1618 dona
590 1570 728 1618 reservat.

25 1651 149 1715 Exhinc
160 1652 336 1734 discipulos,
353 1651 438 1713 dictis
450 1671 507 1732 pro
520 1648 628 1711 talibus
636 1670 747 1710 omnes

27 1744 231 1822 Commotus,
243 1744 297 1807 tuli
308 1743 455 1806 sermonis
468 1743 578 1806 mulcet
589 1744 705 1805 bonore
718 1768 727 1803 ε

26 1838 184 1901 Gentibus
193 1838 293 1899 inlidis
305 1836 383 1900 celsa
394 1837 507 1899 ditione
521 1849 650 1917 potestas

22 1932 169 2014 imponit
179 1951 370 2012 quoscunque
382 1950 473 2010 super
484 1930 677 1990 dominantur
688 1948 812 2003 eornm,

24 2024 241 2107 Exercentqoe
252 2038 367 2087 trucem
380 2023 518 2106 subjectis
530 2023 653 2083 urbibus
666 2022 752 2083 iram.

26 2116 99 2181 Vos
108 2119 182 2181 bine
197 2121 251 2181 sed
263 2112 350 2201 longe
363 2142 370 2178 :
385 2115 574 2195 tranquillior
586 2134 709 2197 aequora
719 2115 787 2175 vitre

32 2208 191 2279 Concordi
203 2211 309 2273 sternit
320 2212 401 2271 mitis
414 2209 582 2270 moderatio
595 2228 668 2289 pace
682 2232 691 2268 ε

30 2300 162 2387 Magnos
174 2318 204 2366 et
217 2305 367 2384 obsequiis
379 2303 485 2366 erescit
495 2323 585 2383 super
597 2301 655 2361 alta
665 2301 812 2361 minister.

27 2395 61 2459 N
65 2418 101 2459 ec
114 2398 229 2479 primus
240 2399 414 2477 quisquam,
428 2397 486 2459 nisi
498 2396 609 2459 cunctis
620 2396 743 2469 serviat,
757 2416 832 2456 unus

27 2488 106 2552 Esse
120 2503 226 2571 potest„
241 2490 387 2551 Hominis
396 2501 480 2550 natus
492 2490 535 2552 sic
549 2502 645 2551 restra
654 2489 792 2549 minister

31 2580 193 2662 Obsequio
206 2583 286 2643 solos
297 2584 424 2664 proprio
436 2583 486 2664 pia
499 2604 623 2655 monera
632 2595 740 2668 gestat,
822 2630 825 2637 ι

30 2674 94 2741 Pro
106 2674 270 2755 multisque
276 2676 410 2738 animam
422 2676 555 2757 pretioso
567 2680 707 2761 sanguine
718 2674 814 2755 ponit·

30 2769 72 2831 m
83 2790 138 2832 vos
149 2791 184 2830 ex
197 2770 331 2833 minimis
341 2770 453 2850 opibus
463 2771 670 2832 transcendere
683 2767 787 2839 vultis,

32 2860 73 2925 Et
82 2863 126 2927 sic
139 2884 160 2924 e
170 2864 296 2926 summis
307 2863 382 2943 lapsi
395 2864 611 2944 comprenditis
624 2863 711 2921 imos.

72 2954 109 3017 si
121 2977 174 3019 ros
187 2957 310 3037 quisque
322 2969 407 3018 vocet
418 2976 509 3018 eoeure
520 2955 657 3017 convivia
667 2971 802 3033 ponens,

37 3046 191 3115 Omnibus
201 3050 235 3121 ln
245 3047 370 3113 summis
382 3047 491 3111 devitet
503 3067 617 3130 ponere
628 3044 782 3119 membra,
