2018 3714
15 292 142 356 v.197.
197 280 379 333 commun.
394 281 431 334 IN
447 280 593 333 GENESIN
607 279 669 332 ΗΒ.
684 278 732 333 111.
850 270 904 344 ¹4¹

24 373 202 459 Congregat
214 374 399 459 angelicum,
413 373 565 452 turbaeque
578 372 680 435 insana
692 375 827 456 superbe

21 468 118 532 Facta
130 482 273 550 stupens,
287 467 388 529 istbaec
398 467 480 549 regni
493 467 680 528 consortibus
691 469 756 529 infit
769 492 777 528 ε

21 561 78 624 En
90 577 213 624 terrena
224 561 352 643 phalanx
364 581 424 640 quo
436 563 496 642 jam
509 562 669 620 temeraria
682 560 804 644 pergat,

27 656 182 733 Cernitis,
197 670 226 717 et
236 668 361 736 quantos
373 655 547 736 imprudens
558 655 653 715 tendit
666 655 697 714 in
710 674 805 717 ausus.

27 748 157 811 Mortali
168 772 234 831 quae
247 763 356 813 structa
370 769 461 809 manu
473 749 644 831 contingere
659 749 753 809 celsos

30 841 140 906 Credit
152 863 240 926 posse
252 843 362 925 polos,
377 855 406 903 et
419 844 457 903 ad
469 843 577 903 aetbera
590 844 697 903 ducere
711 852 856 902 nostrum.

29 934 114 999 Cum
129 956 222 997 nemo
234 937 354 997 indutus
366 949 486 996 terreno
499 956 643 1016 corpore,
657 934 764 996 coelum

27 1030 198 1106 Ascendet,
211 1030 271 1093 uisi
280 1029 333 1110 qui
345 1029 421 1091 coelo
434 1029 618 1091 descenderit
628 1028 697 1089 alto.

32 1120 97 1185 Sed
108 1124 178 1203 qnia
185 1144 257 1207 gens
265 1144 324 1184 una
331 1136 376 1185 est
385 1168 394 1199 ,
404 1125 508 1186 eadem
518 1146 636 1206 quoque
646 1124 745 1185 forma
752 1123 908 1203 loquendi,

30 1214 71 1276 ln
83 1219 294 1298 componenda
304 1219 462 1300 persistent
475 1233 573 1291 turre,
587 1239 643 1280 nec
656 1232 723 1279 aute

30 1310 207 1387 Desistent,
220 1332 310 1391 quam
324 1325 426 1377 mutua
441 1334 516 1394 opus
528 1313 684 1373 consensio
697 1324 828 1391 coeptum

30 1402 165 1466 Finierit
177 1427 184 1464 :
197 1417 278 1466 tanta
291 1417 335 1465 est
347 1406 485 1467 bunranae
497 1406 611 1466 insania
623 1404 739 1465 mentis.

29 1497 115 1580 Ergo
124 1498 199 1581 agite
209 1502 254 1576 (ut
262 1498 386 1559 vetitum
396 1499 512 1575 norint,
523 1501 601 1578 quod
612 1519 698 1580 posse
707 1498 909 1580 negatumest)

29 1591 55 1651 J
58 1612 107 1651 am
121 1592 348 1667 descendamus,
363 1593 579 1670 tumefactaque
591 1593 680 1652 corda
693 1590 824 1672 superbo

32 1682 209 1759 Consensn,
220 1685 294 1745 varii
307 1686 462 1745 turbemus
474 1686 597 1746 vocibus
610 1686 690 1758 oris,

27 1777 77 1838 Ut
90 1779 173 1858 quod
184 1792 342 1860 peccarunt
355 1780 511 1840 concordis
524 1780 651 1840 crimine
665 1779 791 1854 mentis,

27 1871 173 1935 Confusa!
185 1874 306 1933 damnet
317 1873 426 1932 melior
437 1873 584 1933 discordia
598 1872 712 1954 linguae.

67 1964 171 2038 Dixit,
185 1979 215 2026 et
227 1966 358 2026 intentos
371 1967 474 2045 operi,
489 1966 663 2044 molemque
676 1965 809 2025 levantes

24 2056 185 2121 Mentibus
196 2059 343 2132 attonitis,
357 2060 490 2139 subjecta
500 2057 614 2119 oblivio
629 2058 765 2138 primum

24 2151 138 2226 Intrat,
153 2164 183 2210 et
194 2151 300 2232 ignotae
313 2144 392 2211 subit
404 2150 595 2235 imperfectio
610 2149 725 2232 linguae.

28 2243 212 2325 lncrepitaot
226 2245 327 2324 operis
337 2242 436 2303 studio
450 2256 581 2304 cessante
594 2242 726 2324 magistri

33 2335 212 2400 Cunctanter
222 2338 338 2411 socios,
353 2338 403 2397 sed
418 2357 523 2397 vocem
536 2357 627 2397 nemo
641 2334 785 2412 remittit,

29 2429 61 2491 N
63 2452 102 2490 on
116 2430 294 2492 intellectis:
306 2430 422 2509 quodsi
436 2430 501 2508 quis
512 2441 621 2504 tentat,
636 2429 725 2489 inane

29 2522 154 2599 Sibilat,
168 2537 217 2584 aot
233 2524 445 2605 ruptifremitu
458 2524 608 2584 sermonis
621 2523 748 2584 anhelat.

30 2614 81 2680 Sic
93 2638 205 2678 vanum
218 2638 309 2698 prava
321 2629 491 2696 susceptum
506 2630 606 2678 mente
619 2617 756 2678 laborem
844 2600 851 2615 ⁰

28 2709 322 2778 Destituitfrustrata
336 2732 440 2775 mantas
452 2735 459 2770 ι
473 2714 535 2793 jam
546 2732 638 2775 nemo
649 2709 876 2791 propinquum,

31 2803 135 2867 Nemo
144 2817 261 2884 patrem
270 2806 402 2883 sequitur
410 2828 418 2864 ι
427 2826 517 2884 quern
525 2801 815 2884 quisqueintelligit,
827 2799 909 2860 addit

32 2896 281 2981 bgglomeratque
291 2899 366 2971 sibi,
379 2899 553 2975 sociumque
567 2898 726 2977 adjungere
739 2905 831 2955 curat.

32 2988 176 3072 Dumque
186 2992 265 3071 perit
277 2992 370 3052 divisa
380 2991 466 3073 bujus
479 2990 615 3073 cognatio
629 2986 743 3070 gentis,

35 3081 167 3151 Gentem
179 3084 280 3172 lingua
291 3084 362 3149 lacit
376 3107 383 3146 :
397 3093 575 3171 sparguntur
587 3081 728 3163 classibus
738 3079 850 3163 aequit,
