2046 3712
112 292 173 378 276
412 300 440 354 C.
457 300 491 354 V.
507 302 540 353 Α.
555 302 714 357 Jovuuct
870 298 930 377 nid

110 398 207 477 Inque
220 396 317 457 vicem
329 394 439 476 sceptri
451 394 583 454 dextram
597 396 762 457 comitatur
772 402 885 463 amndo.

111 490 193 551 Tum
206 490 330 573 genibus
342 487 403 547 nixi
415 507 534 568 regem,
547 488 769 570 dominumque
783 492 896 557 salutant

109 582 133 643 J
135 584 225 644 uducoe
234 582 329 664 gentis
341 605 348 641 ε
361 578 471 641 faciem
481 579 580 641 lavere
591 580 710 657 salivis,

110 676 234 738 Vertite
249 689 278 736 et
291 676 323 734 in
334 687 436 735 sancto
448 673 543 757 plagis
554 674 652 736 lusere
664 676 814 742 nefandis.

157 768 188 830 H
193 791 237 831 aec
249 768 300 829 ubi
314 767 454 848 transegit
466 767 555 827 miles
567 767 697 830 ludibria
709 772 853 851 demens,

106 864 249 925 lndutum
264 861 396 943 propriae
406 860 555 921 ducebant
568 862 700 945 tegmine
712 866 819 943 vestis,

105 957 147 1018 Et
160 956 256 1019 crucis
268 955 306 1014 ad
317 973 439 1034 poenam
450 966 605 1028 sanctmn,
618 956 794 1037 justumque
807 960 930 1025 trahehn

105 1050 186 1113 Ecce
199 1049 250 1109 scd
264 1046 372 1129 egressi
385 1046 546 1125 quemdam
558 1068 667 1129 cepere
682 1048 846 1115 Simonem

106 1142 228 1227 Cyrena
240 1140 374 1223 genitum
386 1181 396 1212 ‚
409 1138 581 1221 lignumque
593 1140 702 1202 afferre
714 1144 876 1224 jubebam

105 1236 179 1315 Quo
191 1234 349 1294 dominnm
362 1231 437 1293 lucis
447 1232 533 1312 jussis
541 1232 677 1317 suffigere
690 1236 778 1299 saeris

103 1330 220 1389 lustaus
234 1326 355 1408 urgebat
367 1324 439 1386 secli
454 1326 648 1386 immutabitis
659 1328 748 1390 ordo.

102 1425 143 1483 Ar
156 1433 314 1503 postquam
326 1431 446 1478 venturu
458 1432 520 1494 est,
535 1418 587 1479 nbi
601 1419 678 1479 ruris
690 1418 849 1505 Golgotha
857 1446 931 1489 nom

102 1514 287 1574 Permixtum
301 1509 365 1572 tetti
377 1512 480 1571 vinum
494 1511 565 1571 dant
577 1512 685 1593 pocula
698 1510 837 1580 Christo.

100 1608 156 1667 llle
170 1606 266 1668 sedin
280 1625 399 1665 summo
413 1617 497 1687 gustu
510 1616 632 1666 tractata
643 1620 783 1683 recusat3

100 1700 147 1759 Ut
160 1700 228 1760 satis
241 1698 369 1777 antiquis
382 1697 467 1757 ficret
479 1719 535 1778 per
546 1697 618 1758 talia
630 1698 733 1777 dictis,

100 1794 167 1855 Nec
178 1806 279 1853 tamen
292 1792 435 1852 insultans
445 1791 604 1852 homiuum
617 1792 702 1853 suror
713 1797 820 1857 omnia
833 1810 931 1879 posset.

98 1888 228 1967 Jamque
242 1886 322 1948 cruci
336 1887 425 1944 surum
439 1886 588 1964 pendebat
601 1888 631 1945 in
647 1888 757 1950 arbore
772 1912 896 1973 corpus,

98 1983 277 2059 intactaeque
293 1979 374 2038 dedit
387 1978 494 2039 tuuicae
505 1980 559 2039 sub
571 1993 650 2041 sorte
663 2002 719 2061 per
733 2003 843 2045 omncs

97 2074 205 2134 Militis
219 2074 305 2133 unius
317 2092 435 2131 servans
449 2073 596 2151 possessio
608 2086 729 2134 testum.

95 2168 135 2227 Et
149 2169 291 2248 scriptum
306 2185 400 2225 causae
413 2163 550 2239 titulum,
565 2166 722 2245 meritique
736 2167 892 2245 locarunt,

97 2262 190 2337 Quod
205 2281 253 2319 rex
266 2258 379 2318 Judaeae
391 2257 506 2338 plebis,
518 2259 669 2339 gentisque
683 2261 794 2322 fuisset.

93 2355 229 2427 Accidit,
244 2364 275 2410 ut
289 2372 383 2431 poenae
397 2351 510 2431 pariter
524 2353 672 2412 consortia
684 2353 799 2415 ferrent

92 2447 237 2507 Latrones
249 2444 320 2504 hinc
333 2445 402 2503 inde
416 2445 475 2503 duo
489 2468 496 2502 :
510 2445 562 2504 sed
576 2466 651 2506 neca
664 2446 789 2507 furentis

92 2540 216 2601 insultat
230 2536 327 2619 plcbis
340 2537 397 2597 fixo
412 2538 530 2597 vesania
544 2536 664 2598 Christo
678 2563 684 2597 :

92 2635 154 2694 liic
167 2643 228 2706 cst,
244 2630 294 2709 qui
308 2629 456 2709 templum
468 2643 584 2710 poterat
598 2631 759 2692 dissolvere
773 2634 870 2711 solus,

91 2726 152 2786 Hic
166 2736 229 2797 est,
242 2723 292 2801 qui
306 2723 386 2782 trino
399 2722 472 2784 lucis
486 2744 626 2805 rcpararc
638 2739 747 2785 meatu.

89 2819 149 2878 Sed
163 2837 242 2877 nuuc
255 2817 411 2877 descendat
424 2816 542 2876 soboles
555 2820 723 2877 veneranda
735 2818 900 2895 Tonantis,

85 2910 126 2971 Et
140 2911 236 2972 crucis
250 2930 265 2970 e
278 2930 369 2990 poena
383 2930 566 2991 corpusque,
581 2913 772 2991 animamque
788 2917 922 2975 resolvat.

80 3002 162 3093 ΧΗωε
173 3001 251 3083 vulgi
262 3023 403 3082 proceres
417 3002 551 3063 vecordis
564 3004 641 3065 dicta
655 3019 832 3084 sequuntur;

83 3098 182 3176 Atque
197 3092 349 3172 Pharisaei,
365 3092 553 3178 Scribseque,
566 3110 595 3158 et
609 3098 698 3160 factio
713 3102 836 3161 demens

36 3293 194 3385 fl
