2018 3714
28 314 57 356 v.
70 292 152 357 ιδεμ
225 306 467 362 nvsnontrcn
489 306 723 362 uiscerum.
852 295 916 376 237⁴

30 396 125 462 Hand
139 397 227 461 aliter
237 399 360 463 venient
372 400 438 463 coeli
452 401 506 460 sub
519 401 588 461 sede
601 399 705 460 soluta.

30 489 92 553 Sed
104 513 160 555 vos
170 492 310 573 discipuli
327 491 480 553 Christum
494 514 544 554 me
558 494 658 554 dicere
671 493 796 555 cunctis·

30 580 171 662 Parcite,
188 605 249 665 qno
261 584 320 645 soli
331 597 510 668 cognoscant
525 584 595 645 talia
606 585 696 667 digni.

31 677 103 741 dam
115 680 164 740 lux
176 680 315 740 adveniet
327 679 466 760 properis
476 678 550 738 mibi
565 678 699 739 cursibus
712 677 843 755 instans,
894 666 896 671 ¹

30 768 185 837 bloenibus
196 772 229 831 in
243 769 377 854 Solymis
389 772 491 832 rabies.
500 793 569 833 cnm
584 790 681 852 prona
693 772 796 834 lurore
840 828 844 833 .

30 860 171 926 Eximius
183 875 288 926 vetum
296 863 439 924 saturabit
452 865 592 945 sanguine
604 876 717 925 nostro.

27 956 85 1019 Ast
97 957 152 1018 ubi
164 954 319 1037 lucifluum
332 958 437 1017 reddet
450 956 496 1016 sol
509 957 613 1017 tertius
624 969 742 1032 ortum,

30 1049 204 1133 Consurget
215 1049 307 1110 radiis
319 1049 432 1130 puriter
446 1048 585 1108 redimita
598 1049 701 1109 solutis¹

27 1141 109 1203 Vita
120 1142 212 1218 mibi,
225 1143 396 1221 cunctisque
410 1141 493 1201 dabit
506 1154 697 1201 sia-munera
707 1140 809 1201 terris..

29 1233 118 1297 Tum
130 1233 253 1310 Petrus,
275 1252 383 1317 magno
395 1233 548 1315 perculsus
560 1234 650 1295 corda
664 1234 787 1308 dolore,

27 1327 160 1405 Absint,
177 1326 314 1403 Christe,
330 1326 533 1405 tuis=31nqnit,
549 1326 851 1386 tamtristia-sanctis

26 1418 173 1485 Monstra
182 1420 290 1502 procul
300 1419 463 1490 membris;
477 1417 588 1480 nenses
596 1430 640 1478 est
648 1419 770 1480 eredere
782 1430 916 1495 tanturn,

24 1512 100 1577 Nec
111 1514 170 1576 tibi
182 1525 245 1574 tem
257 1514 348 1574 durus
360 1512 473 1594 poterit
482 1512 658 1593 contingere
672 1527 764 1572 cesus.

31 1596 295 1670 Christusne-hee
306 1606 430 1688 :procul
443 1605 532 1683 binc,
545 1603 661 1686 inquit,
675 1603 784 1685 procul
795 1603 909 1688 effuge,

156 1700 291 1777 doemon,
391 1730 395 1737 ·

28 1792 90 1855 Nil
102 1791 273 1858 divina-rior
282 1806 416 1855 mentem
427 1794 586 1874 prudentia
599 1793 711 1876 tangit,

28 1885 93 1950 sed
105 1901 227 1950 terrena
239 1887 336 1969 sepis,
352 1887 496 1965 mollique
510 1887 619 1946 timore
632 1885 788 1946 tremiscis.

70 1979 135 2042 Sed
148 1981 179 2042 si·
187 1981 393 2060 quisvestrum
404 1979 527 2062 vestigia
538 1990 640 2038 nostru
653 1990 806 2056 sequetur,

26 2072 168 2156 Abneget
176 2073 246 2155 ipse
259 2072 316 2133 sibi
328 2092 513 2153 corpusque,
528 2072 719 2149 animumque
731 2089 883 2143 recusans,

28 2164 131 2244 Atque
142 2184 266 2227 crucem·
274 2165 433 2246 proprium
447 2164 637 2225 comitatibus
649 2163 758 2223 adde-re
769 2163 879 2223 nostris

30 2255 186 2333 Gaudeat,
204 2258 346 2318 amissam
358 2244 486 2318 redimet
499 2254 551 2317 cni
560 2255 656 2338 gloria
668 2254 770 2317 vitam.
807 2292 811 2298 ·

27 2346 115 2409 Nam
126 2362 240 2412 serrato
250 2350 331 2431 perit
341 2348 429 2409 terris
441 2349 590 2429 possessio
608 2347 690 2409 lucis.

27 2438 90 2502 Sed
102 2442 176 2522 quid
188 2442 349 2524 proficient
361 2440 433 2502 secli
445 2440 587 2500 mortalia
596 2439 696 2514 lucra,

29 2530 63 2593 si
76 2535 225 2595 damnum
238 2534 455 2615 pariantuit'ae,
468 2533 600 2612 lucisque
612 2531 773 2613 perennis?

26 2622 87 2687 Vel
98 2646 167 2706 quoe
181 2626 269 2709 digne
279 2638 393 2706 queunt
399 2626 511 2685 unimoe
524 2625 707 2686 commercia
718 2625 816 2704 ponil’·

28 2715 128 2780 Filius
139 2719 200 2783 hun
211 2719 345 2788 bominis
356 2719 454 2779 veniet
467 2719 523 2778 sub
536 2718 661 2778 nomine
673 2717 784 2796 patris,

32 2808 237 2893 coelestesque
247 2812 333 2872 illum
345 2812 472 2872 fremitu·
480 2811 642 2873 comitante
656 2809 785 2868 ministri

29 2902 209 2988 stipabunt,
229 2907 392 2984 reddetque
403 2905 562 2964 hominum
573 2921 625 2962 sua
638 2900 738 2960 debita
750 2900 828 2962 vitre.-

27 2994 110 3074 Vcra
120 2997 234 3078 loquor
245 3021 259 3061 z,
268 3010 365 3059 certos
376 2996 463 3058 isthic
475 2996 530 3055 sub
543 2992 648 3053 limine
663 2991 738 3052 lucis

27 3087 203 3171 Inveniam,
219 3089 287 3156 coeli
299 3089 418 3173 fulgens
425 3104 595 3169 cum-regne
608 3102 776 3167 capessam..
