2018 3714
64 307 185 394 ηδ.»
376 317 627 376 cnnrsrr.
886 316 954 393 343

62 413 541 499 Discipulisqnosnieredivirnm
552 420 695 502 praebuit,
710 434 822 506 etpost

65 504 274 595 Quadraginta
284 511 348 575 dies
361 510 493 575 eoelestia
502 526 593 598 regna
605 516 715 577 revisit.

65 599 172 683 Quem
184 617 427 667 rnoxrentnrunr
441 627 559 668 rursum
571 611 897 690 exspectamns‘abvalto
906 658 924 692 ,

63 694 192 759 Arbiter
200 708 235 759 ut
245 698 324 780 juste
333 700 447 761 eunetis
456 701 508 761 det
518 702 643 782 praemia
655 701 751 766 lance.

106 787 173 852 Rex
185 811 257 874 ergo
268 804 376 854 noster
386 788 522 854 Christus
534 815 625 876 super
637 797 741 857 omnia
752 811 864 883 regnat.

64 880 105 944 Et
116 882 209 946 veluti
220 885 376 964 quondam
383 885 460 947 belli
468 899 597 949 statuere
605 889 741 970 trophaea

63 974 256 1061 Magnanimi
268 975 401 1038 Graium
410 999 569 1060 proceres,
584 1001 726 1064 regesque
740 981 842 1046 Latini
856 1007 871 1045 :2

68 1066 116 1133 sie
133 1068 382 1133 Christusstaruir
393 1071 786 1160 celebris-victriciapugnae

69 1161 157 1249 Signa
168 1185 248 1240 suae,
261 1165 344 1248 signa
355 1177 482 1227 eeternos
495 1187 635 1229 mansura
647 1169 703 1229 snb
714 1189 819 1231 annos.

101 1258 237 1321 Arboris
244 1258 307 1340 ipse
319 1280 445 1322 erucern
451 1261 566 1341 posuit,
582 1261 757 1323 venerabile
763 1263 875 1347 lignum
884 1307 900 1340 ,

60 1347 111 1413 De
124 1354 210 1434 eujus
222 1352 336 1429 ramis,
346 1352 447 1414 fractis
459 1353 640 1428 cervicibus,
653 1355 745 1436 hujus-

59 1438 168 1508 Vineti
180 1444 351 1525 dependent
363 1445 460 1507 ocutis
468 1446 652 1529 turgentibus
664 1448 773 1509 hostes.

98 1536 184 1600 Ante
195 1536 270 1598 alios
284 1536 402 1623 Stygius
416 1536 506 1600 Pluto
520 1540 670 1621 destipite
681 1544 815 1622 pendet,

56 1631 200 1694 Aroubus
212 1630 335 1707 attritis,
348 1630 433 1706 telis,
448 1631 580 1712 iaqneis,
595 1634 777 1715 pedicisque.

102 1723 189 1789 Hi'nu
201 1725 264 1787 alia.
272 1725 378 1786 mortis
391 1726 427 1785 de
439 1727 540 1806 stipite
550 1728 663 1808 pendet
673 1728 793 1810 imago,

56 1816 199 1892 Pallida,
212 1838 288 1881 eaeca
297 1862 312 1894 ,.
320 1819 420 1895 ferox,
436 1818 577 1902 elinguis,
593 1820 703 1902 frigore
717 1834 865 1902 torpens,

55 1910 214 1974 Dentibus
225 1912 368 1987 excussis,
382 1925 412 1972 et
426 1914 538 1989 truncis
549 1914 671 1972 naribus
683 1931 738 1972 ora

57 2004 199 2068 Horrida
210 2016 449 2068 commonstrans
458 2047 472 2080 ,
481 2018 511 2066 ot
524 2005 642 2066 hiantia»
649 2017 765 2086 guttura
776 2004 845 2064 late.

100 2097 227 2160 Fronde
237 2097 296 2159 alia
306 2096 417 2158 inferni
426 2098 538 2177 dirupti
550 2098 775 2179 januapendet,

59 2188 201 2254 Postibus
211 2191 335 2267 attritis,
347 2210 415 2251 eum
427 2190 672 2271 cardinibusqne,
684 2189 826 2268 serisque.

98 2282 292 2347 Prondeaiia
302 2283 434 2360 iraDei,
447 2295 477 2344 et
489 2283 643 2345 sibimens
652 2282 731 2344 male
744 2281 941 2362 eonseiapen·

225 2378 316 2452 dent,
858 2384 861 2389 '

59 2469 177 2533 Omnia
190 2491 256 2550 qnae
273 2467 386 2532 Christi
399 2487 489 2529 roseo
501 2479 569 2528 snut
581 2480 659 2529 tersa
672 2489 788 2531 eruore.

97 2563 225 2626 Fronde
237 2562 296 2623 alia
307 2561 401 2643 patris
413 2560 551 2643 primaevi
563 2561 728 2646 syngrapha
739 2562 870 2644 pendet,

59 2653 212 2718 Dilaniata
223 2654 323 2717 modis
334 2653 468 2728 miseris,
484 2653 681 2734 exstinctaque
693 2673 826 2735 prorsus.

95 2748 237 2810 Tandem
249 2744 408 2809 sondifluos
420 2745 519 2806 valido
533 2748 570 2806 de
584 2747 690 2827 stipite
696 2746 846 2817 mundus,

54 2837 169 2906 Plenus
181 2841 324 2916 dissidiis,
339 2853 369 2901 et
378 2839 474 2900 multo
488 2839 615 2902 erimine
629 2839 761 2919 pendet,

53 2935 196 3001 Etruriae
207 2956 349 3019 pompae,
364 2946 394 2995 et
406 2932 625 2995 crudelia-faeta
635 2944 805 3014 tyrannum.

94 3029 169 3091 flos
177 3029 337 3091 hominum
352 3026 490 3087 Christus
501 3044 594 3085 saevos
606 3023 761 3086 absorbuit
773 3023 893 3094 hoster,

53 3120 104 3184 Ut
116 3144 216 3206 neque
226 3124 288 3206 jam
296 3120 412 3205 possint
421 3118 502 3180 ultra
509 3118 651 3180 &mune
664 3116 780 3179 fideles,
