2018 3714
88 294 149 357 350
418 296 652 385 ursinis
855 294 903 361 cit

88 399 210 461 Primus
220 413 420 479 apexremm,
436 392 550 473 primus
559 405 662 470 sator,
678 395 780 458 omnia
791 401 911 464 condens.

87 490 157 553 Nec
167 504 268 550 tamen
280 509 314 549 ex
325 485 385 547 alio
396 485 479 547 ducis
491 505 603 568 genus,
616 487 685 567 ipse
696 492 829 570 perennis

90 584 237 667 Spiritus,
253 581 373 658 antiquo
385 578 487 639 vivens
498 597 554 658 per
566 579 668 640 secula
680 594 776 644 mutu.

89 676 219 757 Semper
232 675 306 747 eris,
320 671 390 751 quia
399 690 521 751 semper
529 690 595 731 eras
607 694 614 731 ε
628 693 693 733 non
704 675 809 737 mortis
820 697 902 761 egem,
919 680 921 687 '

92 771 157 851 Qui
170 768 275 830 natalis
288 766 393 845 inops,
407 783 465 824 nec
477 763 570 824 finem
582 766 705 835 noveris
717 769 774 829 aeri
786 793 794 830 :

89 862 136 925 Ex
148 876 177 924 te
189 859 372 943 principium
387 857 435 918 cui
448 858 572 940 contigit
584 881 591 917 ε
603 858 683 918 haud
694 873 795 924 manet
804 864 868 927 aiter

88 955 253 1018 Auctorem
265 971 362 1026 casus,
374 951 525 1011 nascentia
535 951 684 1013 terminus
695 967 789 1038 urget.

130 1046 246 1110 Omnia
257 1064 326 1107 cum
335 1054 447 1126 tegeret
458 1043 576 1124 nigrum
590 1043 699 1119 chaos,
714 1045 828 1128 altaque
840 1048 911 1113 mols

44 1178 47 1185 ·
88 1142 229 1221 Desuper
241 1148 358 1220 urgeret
371 1136 509 1196 informis
523 1155 653 1216 corpora
667 1141 793 1216 mundi,

88 1234 188 1313 Atque
201 1231 337 1313 caliganti
348 1240 521 1311 premerent
532 1229 665 1290 serotina
678 1244 788 1307 nocte,

85 1324 157 1388 Nec
166 1324 299 1406 species,
313 1342 370 1383 nee
382 1321 479 1382 forma
492 1319 585 1395 foret,
600 1320 689 1382 Deus
701 1323 781 1385 intus
793 1326 885 1409 agebas

88 1417 279 1499 Corporibus
291 1415 375 1476 tectis
387 1414 512 1486 mixtus,
526 1426 639 1474 secreta
650 1428 805 1495 potestas,

87 1510 161 1572 Jam
171 1509 277 1571 tumidi
287 1527 405 1592 ponens
416 1507 563 1566 nascentia
576 1508 690 1568 moenia
702 1510 825 1587 muudi,

87 1602 129 1663 Et
141 1603 236 1664 varias
248 1621 350 1662 rerum
363 1599 452 1659 iacies
463 1599 635 1677 animasque
648 1599 772 1664 futuras
897 1661 902 1669 ,

89 1696 193 1776 thue
207 1706 296 1776 caput
308 1691 459 1775 prompsit
471 1691 547 1752 victa
560 1690 624 1772 ipse
640 1692 770 1777 caligine
782 1694 892 1773 noctis,¹

91 1786 262 1849 Sublimem
274 1783 554 1859 acconensium,
567 1803 688 1845 sensere
702 1787 840 1858 tenebra.

87 1879 162 1942 Mox
176 1881 329 1940 Dominus
342 1897 443 1938 rerum
456 1895 579 1936 somnos
588 1876 727 1938 discussit
740 1878 865 1956 inertes,

86 1975 233 2056 Pigraque
246 1971 385 2031 materies
397 1968 555 2048 trepidavit
568 1969 694 2030 nomine
708 1971 813 2050 pulsa,

89 2066 310 2142 Commotaque
324 2061 415 2121 simul
427 2074 546 2135 natura,
562 2062 680 2122 conscia
692 2078 783 2143 partu
796 2088 803 2125 :

87 2159 238 2220 Scinditur
252 2156 378 2237 ingentis
391 2154 503 2214 cumuli
516 2153 713 2234 perplurima
728 2146 855 2238 corpusj

84 2251 227 2314 Membra
239 2251 379 2327 locosque
394 2247 482 2307 simul
495 2260 643 2307 metantur
655 2251 773 2309 semina
786 2251 874 2331 jussu,

86 2343 124 2403 Et
137 2348 197 2422 jam
211 2342 340 2404 confusae
351 2341 531 2400 descendunt
542 2340 653 2400 viscera
666 2341 776 2416 molis,
836 2367 839 2374 ·

84 2435 229 2514 Sectaque
243 2457 298 2515 per
309 2447 408 2514 partes
421 2433 532 2492 formas
543 2433 706 2513 spectantia
719 2433 830 2510 frusta,

83 2529 104 2586 J
107 2549 155 2587 am
169 2528 251 2588 calor
263 2528 341 2586 intus
353 2527 423 2600 alit,
439 2538 467 2585 et
478 2526 589 2584 blando
600 2526 720 2586 suscitat
733 2527 807 2608 igni.

122 2622 168 2680 Ac
181 2621 314 2700 primum
328 2618 395 2681 coeli
410 2639 509 2698 passus
522 2618 616 2691 liber,
633 2619 737 2677 omnia
751 2618 860 2679 mundi
922 2630 926 2639 '

84 2712 298 2791 Complectens
311 2712 406 2791 spatio
419 2754 428 2784 ‚
443 2711 523 2772 celso
538 2710 726 2790 suspenditur
738 2711 815 2772 orbe
829 2735 837 2772 s

80 2804 174 2863 'l'erra
183 2804 282 2886 ⁴gravis
296 2803 381 2885 pigro
395 2804 547 2865 descendit
560 2804 693 2883 pondere
705 2803 743 2862 ad
756 2803 872 2880 imum,

77 2894 126 2955 Ae
138 2909 233 2956 semet
244 2896 352 2970 defixa,
366 2896 427 2956 salo
440 2896 578 2970 fundata,
594 2895 711 2955 resedit.

77 2983 222 3065 Essetque
236 3001 267 3047 ut
280 2989 408 3067 spatium
421 3009 519 3050 vacuae
531 2988 660 3071 regionis
673 3000 833 3069 apertum,

79 3073 151 3153 Qua
163 3091 247 3139 tener
260 3080 400 3143 incedens
413 3081 552 3145 mortalia
563 3094 700 3164 pasceret
712 3082 824 3158 aether,
