2018 3714
27 262 168 347 v.-167.
260 274 501 329 trinomen
520 277 604 329 ursr.
621 278 684 330 us.
700 282 745 333 ιη.
870 269 930 331 233

35 368 211 444 Polluere,
225 367 443 447 immundoque
454 370 612 431 homiuem
626 373 772 434 maculare
783 373 894 454 piaclo.

43 460 176 526 Secreto
189 461 290 523 cordis
300 474 480 542 promuntur
493 464 580 524 noxia
592 464 658 524 ritae

45 554 209 629 Consilia,
222 569 252 615 et
265 557 377 632 caedes,
397 571 427 618 et
441 558 518 617 furta
531 558 658 620 nefanda
672 572 825 635 tororum,

45 650 90 712 Et
103 650 238 725 fraudes,
252 647 396 728 fallaxque
408 650 566 711 homiuum
580 672 637 732 pro
652 653 773 715 testibus
787 672 888 730 error,

47 741 94 802 Et
106 742 217 802 rabidae
230 740 340 804 coelum
352 742 473 823 pulsans
486 744 601 805 insania
613 745 705 806 vocis.

52 832 133 897 Haec
142 847 225 910 sunt,
240 835 642 914 qusemacnlanthominem,
655 839 933 918 quaesordibusim-

176 925 273 1007 pient.

51 1018 152 1082 illotis
163 1033 265 1081 auteur
279 1021 419 1083 manibus
428 1042 490 1082 uon
502 1022 610 1104 polluit
622 1045 752 1105 unquam

57 1112 209 1193 Corporis
220 1112 348 1173 arbitrio
360 1127 513 1176 terrenum
523 1136 642 1177 sumere
654 1119 775 1181 victum.

101 1204 179 1267 Haec
190 1204 241 1266 uisi
254 1205 333 1268 dicta
346 1209 445 1282 dedit,
459 1209 662 1290 pulcherrima
675 1231 745 1273 rura
759 1210 907 1296 Syrorum

60 1296 281 1382 Sidonemque,
295 1299 471 1387 'l’yrurnque
483 1303 577 1383 petit:
593 1323 662 1364 cum
676 1305 787 1365 femina
798 1305 869 1366 fusis

61 1391 224 1473 Crinibus,
245 1408 275 1457 et
286 1393 444 1475 precibus,
457 1408 563 1456 natam*
573 1409 688 1458 causata
700 1399 864 1478 jacentem,

57 1484 216 1565 Volvitur,
230 1500 260 1549 et
271 1487 392 1548 tacitum
403 1506 466 1548 uon
479 1489 587 1549 desinit
598 1490 683 1550 anxia
699 1488 853 1552 Christum

59 1579 179 1654 Orare,
193 1592 226 1641 ut
235 1594 369 1641 mentem
380 1593 513 1642 vexatam
526 1583 663 1643 daemone
675 1603 752 1643 saevo

60 1670 231 1749 Redderet,
244 1687 274 1735 ct
286 1674 403 1735 uriscrae
415 1676 536 1735 taudem
551 1675 688 1756 resipisse
700 1674 813 1737 liceret.

60 1765 153 1827 Tunc
164 1766 253 1828 etiam
263 1767 403 1848 precibus
416 1780 579 1830 sectantum
593 1766 809 1847 discipulorum

59 1860 256 1942 Respondit,
273 1861 411 1941 proprias
423 1861 566 1943 genitoris
578 1860 668 1922 malle
682 1860 819 1921 bidentes

60 1952 202 2039 Cogere,
216 1975 290 2034 quas
303 1974 394 2016 vanus
406 1955 464 2013 late
477 1954 655 2034 disperserat
666 1972 762 2024 error.

62 2047 213 2112 Crebrius
225 2048 347 2109 instanti
361 2060 424 2109 tum
436 2047 510 2107 talia
520 2047 596 2106 satur
610 2045 711 2106 lesus:

63 2141 157 2203 Natis
168 2142 292 2222 quisque
304 2141 363 2203 suis
376 2161 487 2220 panem
500 2159 563 2198 nou
577 2137 710 2197 detrahet
722 2153 870 2215 unquam,

66 2233 111 2295 Et
123 2236 352 2318 canibus-jaciet.
365 2235 446 2296 Tum
460 2232 530 2293 talia
543 2230 656 2291 femina
665 2229 742 2289 fatur
755 2250 764 2289 t

29 2363 35 2370 ·
67 2325 225 2391 Miramur
234 2329 340 2391 saltem
353 2329 474 2391 canibus
487 2345 542 2387 suu
553 2323 654 2405 portio
668 2343 778 2384 mensae

63 2422 209 2499 Decidit,
222 2435 253 2483 et
261 2423 362 2484 nihilo·
368 2422 562 2482 dominorum
576 2437 658 2479 coeua
668 2429 814 2500 gravatur.

65 2514 150 2577 'sum
164 2514 319 2576 Dominus
331 2514 464 2594 loquitur
476 2537 484 2573 ι
496 2510 629 2573 Veniant
640 2510 696 2571 tibi
709 2511 798 2593 digua
808 2508 910 2569 salutis

68 2606 217 2683 Praemia,
232 2630 297 2688 quse
310 2607 379 2667 fidei
393 2618 567 2667 meruerunt
581 2606 691 2667 robora
705 2616 801 2664 tantae.

69 2700 158 2762 Talia
172 2700 310 2762 Salvator
321 2699 439 2773 verbis,
453 2712 482 2758 et
494 2718 568 2760 voce
581 2697 712 2771 locutus,

72 2795 207 2878 Virginis
219 2807 248 2856 et
262 2805 413 2865 mentem,
435 2792 557 2853 decusso
572 2792 727 2861 daemone,
743 2786 835 2846 virtus

72 2886 275 2969 Complexam
286 2885 424 2966 implevit
437 2884 523 2943 donis
538 2882 664 2943 fecunda
675 2879 784 2939 salutis.

112 2981 188 3042 inde
204 2980 344 3042 Galitaeas
355 2979 478 3058 repedat
493 2975 635 3037 Servatur
648 2975 679 3032 in
693 2992 778 3046 oras,
881 2987 887 2999 ·

74 3072 273 3153 Ptaeoeisique
285 3072 392 3156 procul
407 3070 519 3133 montis
533 3066 705 3132 conscendit
718 3066 873 3127 inarcem.

766 3178 814 3217 20.
