2018 3714
250 264 523 351 CLAUDII
551 262 762 351 Mtttlt

334 510 705 694 vlctoffls

172 923 528 999 COMMENTARII
561 926 612 1000 IN
645 926 861 1003 GENESIN

324 1231 451 1288 unta
473 1232 709 1291 stcuttnus.

78 1533 261 1615 Haemus
275 1572 414 1616 arcanam
426 1555 553 1631 seriem,
566 1544 737 1636 primordia
749 1550 869 1632 mundi,

76 1644 123 1707 Ut
134 1647 250 1709 sincera
263 1646 336 1707 fides
350 1648 468 1723 docuit,
479 1648 544 1709 sine
558 1648 661 1708 fraude
673 1649 814 1723 cucurri,

76 1738 164 1799 Dum
178 1740 274 1821 dignis
287 1739 368 1801 letho
384 1739 463 1801 vitiis
475 1753 593 1801 terrena
607 1752 760 1801 carerent:
842 1744 846 1753 '

75 1829 169 1892 Nunc
179 1830 338 1891 hominum
350 1851 468 1907 mores,
483 1845 513 1893 et
524 1835 586 1914 jam
600 1832 741 1892 mortaiia
753 1852 844 1893 versu

77 1922 240 2005 Aggresso‚
255 1924 447 2005 omnipotens
457 1925 535 1986 vires
549 1924 633 1985 Deus
645 1925 721 1985 adde
734 1937 845 2005 poetae.

78 2012 243 2091 Postquam
255 2018 376 2077 sacratis
389 2017 532 2076 decedere
546 2018 640 2096 jussus
652 2030 781 2094 uterque

80 2105 208 2167 Sedibus
222 2129 256 2169 ac
269 2109 384 2189 reguis,
397 2108 535 2190 genitalia
549 2108 673 2189 contigit
685 2128 777 2181 arva,

79 2198 175 2279 Inque
187 2221 239 2261 sua
248 2202 328 2261 stetit
341 2201 421 2261 exsul
434 2201 526 2260 humo
539 2223 546 2258 ε
561 2199 704 2260 mirabile
716 2199 797 2279 quali

82 2288 166 2364 Ore,
182 2294 269 2352 rudes
281 2306 418 2373 stupeant
429 2305 489 2352 tam
502 2292 630 2352 barbara
642 2312 712 2351 rura
725 2289 830 2351 coloni
842 2306 854 2365 ,·

82 2381 162 2462 Quae
175 2405 237 2445 nou
251 2384 390 2465 frugifera
403 2385 597 2463 distinctaque
609 2385 718 2447 arbore
731 2395 871 2444 vernant.

80 2473 150 2536 Nec
161 2478 274 2556 species
287 2476 384 2556 placet
398 2476 457 2537 ulla
470 2477 545 2537 soli:
559 2497 631 2536 nam
645 2477 736 2537 mixta
748 2487 856 2537 coacto

82 2565 222 2628 Pondere
232 2569 385 2653 congeries
398 2569 521 2630 confusa
534 2568 616 2631 mole
627 2569 763 2641 locatur,
815 2578 819 2583 '

81 2661 186 2721 Ardua
198 2675 281 2723 caute
296 2662 408 2743 rigent,
422 2663 502 2722 silvis
516 2664 655 2741 depressa
668 2660 807 2721 laborant

84 2751 196 2827 Plana,
212 2767 370 2833 carentque
384 2755 501 2831 herbis,
512 2756 688 2816 horrescunt
703 2752 783 2819 edita
796 2751 909 2811 dumis..

86 2844 157 2910 Heu
169 2848 275 2926 quibus
281 2848 345 2908 haec
355 2861 489 2927 spectant
500 2846 610 2922 oculis,
621 2866 680 2925 quo
689 2856 814 2926 pectore
824 2863 920 2905 cernui

87 2935 228 3015 Quorum
241 2941 349 3000 animis
364 2937 520 3001 Paradisus
533 2940 625 3014 inest,
641 2951 705 3017 quae
719 2955 806 2998 causa
821 2934 919 2995 dolori

86 3027 159 3093 Una
171 3034 285 3111 subest,
300 3035 372 3096 dum
385 3047 559 3098 cunctorum
572 3034 633 3115 jam
648 3031 738 3115 plena
751 3029 906 3092 malorum
