2046 3712
62 298 90 349 t.
107 284 182 349 518.
414 297 482 351 ΟΨ
497 294 561 349 ER
580 300 611 352 Λ.
889 290 949 364 451

57 386 130 470 Qui
141 388 245 451 trifido
255 387 325 472 igne
335 387 445 464 micet,
461 409 518 452 nec
530 389 632 478 inanis
645 409 802 455 murmure
809 392 916 458 miscet
930 420 938 458 =
1013 422 1017 426 ’

61 480 190 564 Quique
201 483 272 544 setis
283 482 361 545 coeto
374 480 462 543 Soles
474 481 615 566 largitur,
630 497 660 544 et
673 484 787 548 imbres
801 511 808 548 ε

65 575 133 656 Qui
145 597 237 658 snper
248 597 341 638 omne
350 578 433 656 quod
444 589 506 653 est,
520 571 552 637 et¹
562 578 594 637 in
608 580 693 639 omni
707 591 786 643 totns
798 568 915 661 ubique

61 666 223 731 'Omnibus
234 669 335 730 infuso
348 670 437 730 rebus
449 670 523 752 regit
540 671 644 731 omnis
657 669 804 734 Christo:
903 732 913 749 ,.

69 762 143 842 Quo
159 774 275 824 mentes
286 775 387 837 tenet,
401 775 617 842 etquemovet:
631 784 691 843 quo
701 776 842 847 temporo
852 780 958 829 nostra

63 853 104 923 Et
115 857 183 919 loca
190 856 337 937 disponit.
354 855 487 936 Quodsi
500 858 651 918 contraria
663 858 742 920 votis

67 946 235 1010 constituat
246 949 375 1023 nostris,
388 969 480 1030 prese
495 948 697 1012 deflectendus
707 950 743 1012 in
755 951 808 1012 illa
823 964 885 1026 est,
899 992 904 997 -

66 1041 144 1121 Qnae
154 1043 301 1105 volumus
317 1041 403 1120 Q'nid
414 1063 464 1104 me
477 1045 617 1104 accusas?
630 1044 656 1104 si
670 1044 811 1125 displicet
823 1057 905 1105 actus

68 1134 168 1217 Quem
179 1140 253 1220 gero
264 1149 371 1220 agente
380 1131 454 1197 Deo
466 1179 478 1212 ,
490 1137 575 1217 ptius
587 1149 649 1211 est,
664 1137 716 1198 fist
727 1157 796 1199 reus
808 1147 934 1213 rumor,

63 1227 122 1293 Cui
135 1231 236 1313 pluent
248 1243 300 1291 aut
311 1228 445 1291 formam
459 1246 565 1305 meos,
577 1242 628 1290 eut
648 1243 767 1292 vertere
772 1250 886 1291 sensns.

61 1319 148 1387 Nam
160 1344 235 1386 mee
242 1325 268 1386 si
278 1336 416 1406 reputes,
431 1323 651 1405 qmepristins‚
664 1345 731 1402 quae
742 1323 798 1385 titi
809 1334 901 1398 nota,

59 1414 184 1502 Sponte
197 1419 317 1486 fatebor
324 1460 334 1493 ‚
348 1437 421 1477 enm
432 1417 528 1477 modo
540 1436 591 1491 me
603 1436 668 1476 non
681 1436 765 1491 esse,
778 1416 834 1476 sub
848 1415 902 1475 illo

57 1509 217 1594 Tempore
229 1511 284 1593 qiri-
292 1511 404 1571 fuerim
417 1533 425 1568 ε
439 1528 500 1589 qno
511 1529 745 1591 non-perversos
759 1509 914 1584 habebar,

58 1605 106 1667 Et
118 1597 277 1688 perversus
287 1623 390 1680 eram,
405 1600 471 1666 falsi
483 1603 609 1688 csdigine
622 1623 750 1666 oernens

57 1697 163 1760 Stulta
174 1699 236 1761 Dei
249 1698 389 1779 sapiens,
405 1711 435 1758 et
446 1698 553 1758 mortis
567 1696 678 1778 pabula
691 1697 805 1759 vivens.

57 1791 135 1872 Qun
158 1793 252 1879 nugis
265 1792 379 1876 igneum
392 1791 468 1850 mihi
480 1790 523 1850 fas
538 1813 545 1849 ε
560 1790 631 1869 quia
644 1791 816 1872 promptius
825 1809 858 1850 ex
871 1788 931 1859 hoc

57 1886 193 1968 Agnosci
207 1888 294 1947 deute
303 1905 323 1946 a
334 1904 454 1945 summo
466 1882 604 1966 genitore
614 1884 739 1958 novari,

58 1977 161 2055 Quod
171 1997 235 2039 non
245 1979 339 2039 'more
348 1975 423 2038 meo.
429 1977 560 2060 geritur,
573 1996 637 2036 non
651 1976 782 2036 arbitror
794 1975 857 2036 istis

57 2069 226 2134 Confessus
237 2074 320 2134 dicar
333 2077 453 2132 mutatae
466 2071 499 2131 in
512 2089 606 2151 prava
616 2070 784 2130 noandum

57 2152 209 2226 Errnrem
224 2166 333 2227 meritis
346 2188 357 2226 t
370 2164 517 2243 quoniam
526 2163 586 2224 sim
597 2174 704 2244 sponte
718 2159 892 2243 professus,

57 2257 111 2319 Ne
124 2277 187 2319 non
200 2271 306 2321 mente
314 2278 382 2319 mea
394 2259 487 2318 vitam
499 2269 627 2317 mutasse
639 2255 787 2337 priorem.
848 2304 851 2311 .
876 2308 880 2315 .

58 2349 311 2427 Memnonem,
320 2349 521 2429 iateor‚·eepit
529 2372 538 2421 3
547 2369 700 2410 memnon
709 2346 949 2428 meaquondam,

57 2441 123 2504 Sed
134 2464 203 2505 mea
215 2466 313 2521 nunc,
326 2457 447 2506 auctore
459 2442 530 2503 Deo
543 2465 550 2501 ι
565 2442 617 2522 qui
630 2443 656 2502 si
669 2442 743 2521 qnid
756 2441 788 2501 in
803 2453 870 2502 actu

57 2535 220 2618 ingeniove
235 2556 368 2598 meusne
383 2536 506 2619 dignum
519 2535 557 2596 ad
568 2535 671 2597 monia
682 2535 778 2610 vidit,

57 2628 167 2704 Gratis
178 2631 279 2712 prime
289 2630 366 2704 tihi,
379 2629 436 2689 tibi
447 2628 547 2710 glorie
557 2628 658 2688 debita
672 2629 768 2701 cedit,

61 2719 158 2804 Cujus
172 2724 331 2805 praeceptis
343 2735 465 2803 parturn
476 2735 520 2782 est
530 2766 541 2795 ,
552 2721 634 2801 quod
650 2717 786 2782 Christus
796 2728 920 2777 amaret.

58 2813 166 2893 Quare
178 2817 356 2899 gratandum
365 2815 461 2895 magis
468 2827 512 2874 est
524 2814 598 2886 tibi,
612 2833 704 2891 quem
714 2812 923 2892 queritandum
936 2852 945 2886 ‚

60 2905 156 2988 Quod
168 2921 234 2973 tuus
246 2909 299 2970 ille
311 2908 370 2970 tuis
380 2906 485 2969 studiis
496 2919 525 2966 et
539 2905 675 2966 moribus
687 2918 772 2967 ortus

57 2995 248 3082 Paulinus‚-(
262 3001 312 3064 oni
323 3014 353 3062 te
363 3020 430 3061 -non
443 2998 576 3060 inficiare
589 3011 767 3079 parentem,

57 3088 128 3156 Nec
140 3096 318 3160 medonem
329 3091 427 3158 credis
440 3097 640 3175 perversum)
652 3093 697 3158 sic
711 3089 870 3156 meaverit
