2018 3714
115 286 174 356 nt
329 292 472 344 ctaunn
489 293 589 344 nanu
606 291 778 348 ricronts
883 306 911 347 v.
922 283 977 357 tot

114 386 275 465 Plusqnam
286 384 409 465 vipereo
422 396 553 444 mortem
566 384 692 444 allatura
702 407 839 448 veneno.

154 479 200 539 Ut
212 480 344 559 primurn
358 477 462 539 illicito
475 477 625 537 violarunt
635 498 689 537 ora
700 498 833 558 sapore,

114 572 283 637 Confestim
296 592 413 631 sensere
426 571 525 646 nefas,
536 569 708 649 facinusque
722 586 884 652 peracluua

114 665 237 740 Crevit,
250 677 280 726 et
292 665 395 748 ignaro
407 664 552 744 percussit
563 676 686 744 pectora
697 686 799 726 sensu.

113 759 196 821 Hinc
208 761 316 832 timor,
330 759 399 817 inde
408 758 523 837 pudor,
534 772 723 837 sumpserunt
732 760 879 839 primitus
886 775 982 822 nitunt.

112 852 196 913 Nam
210 855 281 912 (lum
293 852 384 912 corda
395 851 535 910 homines
543 850 690 910 celsarum
702 853 828 913 conseia
839 875 959 932 rernm,

113 943 155 1005 Et
169 945 245 1007 coelo
255 957 371 1004 tantum
384 956 526 1020 rectoque
536 942 652 1003 intenta
661 958 800 1025 gerentes

113 1037 241 1101 Pectora
254 1041 291 1098 ad
303 1037 450 1098 excelsum
462 1036 575 1096 ferrent
587 1056 731 1098 conversa
741 1052 906 1118 parentem
919 1065 929 1102 s

118 1133 199 1195 Dum
210 1144 392 1196 secretorum
407 1129 551 1190 miracula
561 1131 733 1192 divinorum

115 1225 208 1290 Claro
220 1229 405 1307 incorporeae
414 1224 523 1283 mentis
534 1224 694 1303 splendore
707 1236 851 1286 notarent
865 1251 873 1287 ε

112 1321 262 1383 Nondum
273 1321 436 1399 contigerat
448 1317 661 1378 membromm
669 1339 740 1379 cura
752 1339 894 1380 suorum.

114 1415 203 1494 Quos
215 1415 267 1474 ubi
280 1413 409 1472 deseruit
422 1412 489 1471 vitae
500 1412 585 1493 vigor
596 1411 647 1471 ille
658 1413 821 1492 perennis,

112 1508 186 1569 Jarn
200 1514 297 1568 mort'e
307 1505 449 1579 affectos,
463 1505 585 1564 demum
600 1505 751 1586 frigusque
764 1506 919 1588 calorque

112 1601 212 1662 Aerias
222 1598 340 1659 subiere
353 1597 449 1669 vices,
464 1618 498 1658 ac
508 1599 597 1659 vestis
609 1619 718 1680 egenos

113 1694 299 1775 Selprimurn
313 1711 434 1752 sensere
441 1691 595 1764 homines,
609 1711 738 1770 sexuque
750 1691 882 1753 latenter

112 1786 270 1848 Erubuere
281 1806 350 1861 suo,
363 1785 443 1846 taciti
457 1783 626 1844 miserabile
639 1785 744 1862 questi.

112 1881 230 1943 idcirco
244 1878 392 1940 umbrosae
404 1898 421 1937 e
433 1877 513 1936 toliis
525 1897 602 1937 nova
613 1878 745 1960 tegmina
757 1879 807 1940 lici

112 1975 274 2055 Decerptis
286 1985 402 2045 texunt,
415 1984 482 2051 post
494 1970 631 2051 culpam,
645 1985 746 2031 mente
761 1986 920 2053 receptum

115 2064 362 2149 Corpore-velato
377 2065 558 2138 denudatura
571 2065 729 2142 pudorem.

112 2161 183 2223 Nec
192 2161 277 2233 satis,
287 2158 439 2240 ignorant,
449 2157 518 2234 quid
527 2168 611 2239 agant
621 2201 630 2230 ‚
641 2178 699 2235 qna
709 2159 828 2218 crimen
838 2160 984 2233 inustum,

115 2253 214 2334 Seque
226 2255 306 2333 ipsos
318 2251 429 2332 fugiant
444 2273 450 2307 :
465 2263 607 2330 cuperent
620 2251 644 2308 si
659 2250 735 2310 forte
749 2264 889 2331 pateret,

115 2346 256 2409 Condere
269 2364 299 2403 se
311 2343 467 2417 barathro,
483 2364 573 2422 usqne
587 2344 662 2402 adeo
674 2347 865 2405 contermina
875 2368 968 2427 poena

115 2437 219 2519 Culpa
227 2460 287 2499 snae
300 2450 360 2509 est,
375 2449 406 2496 ut
418 2438 478 2516 jam
490 2437 615 2496 miseros
628 2437 755 2496 mortale
770 2453 919 2518 paventes

113 2529 225 2592 Mortis
238 2532 336 2612 imago
347 2532 444 2610 juvet,
459 2529 545 2589 silvas
558 2530 756 2610 umbrosaque
767 2530 861 2595 lustra

115 2624 308 2699 Obtendunt‚
323 2623 407 2683 vanis
417 2622 603 2682 solatiafalsa
614 2623 754 2684 tenebris.

113 2717 200 2778 Nam
210 2728 311 2796 quote
322 2716 462 2775 timidum
474 2716 517 2776 sas
530 2730 573 2776 est
585 2717 749 2777 subducere
765 2723 897 2800 corpus?

113 2808 190 2871 Tele
202 2811 342 2888 inquam,
356 2831 422 2888 quae
433 2828 488 2867 vox
500 2809 552 2868 vili
565 2811 600 2868 de
613 2809 736 2888 pulvere
748 2811 837 2886 fecit,

113 2900 218 2961 Virtus
230 2902 296 2962 viva
309 2901 416 2980 patris,
432 2903 536 2961 mundi
549 2902 765 2977 occultissima,
781 2927 917 2984 praesens

14 3032 16 3037 ·
113 2992 243 3072 implet,
257 3006 286 3052 et
299 2994 329 3051 in
343 2994 461 3072 penitos
473 2994 531 3053 exit
543 2994 649 3053 diffusa
660 3015 801 3056 recessus.

111 3086 197 3150 Tune
210 3097 295 3166 potes
309 3084 478 3147 Dominum
490 3086 604 3168 lugiens
618 3091 759 3165 evadere,
774 3103 851 3152 tone-
