2018 3714
68 256 95 294 v.
115 232 167 315 47.
279 240 524 296 erauoencra
545 241 637 294 nrsr.
654 242 718 295 na.
734 246 756 296 r.
897 239 957 321 173

69 336 206 412 Officio,
220 335 420 414 amissamque
436 335 534 396 levant
547 335 695 416 promissa
710 335 870 416 loquelam.
895 332 898 337 ’

68 430 137 493 Nec
148 430 242 492 dilata
255 429 308 490 diu
320 442 464 489 venerunt
477 449 603 489 munera
616 428 727 509 prolis3

67 523 170 585 Anxia
182 524 237 585 sed
250 523 362 584 ventris
372 521 601 604 celabatgaudia
611 524 735 604 conjux,

66 617 183 681 Donec
196 617 330 699 quinque
343 637 445 679 caram
460 616 647 698 complerent
661 617 774 678 lumina
786 619 896 684 lunam.

110 712 199 775 'func
212 713 328 793 majora
339 712 446 773 dehinc
460 712 541 772 idem
556 713 694 771 mandata
708 713 844 775 minister

68 806 208 881 Detulit,
219 806 258 865 ad
271 803 379 865 Mariae
392 806 534 866 demissus
545 806 667 889 virginis
681 826 776 866 aures.

66 899 144 962 Haec
157 901 306 981 desponsa
319 920 373 960 suo
385 920 440 981 per
450 913 589 980 tempora
601 913 680 961 certa
692 900 886 982 propinquo,

66 994 181 1056 Abdita
191 993 331 1075 virgineis
344 1004 421 1054 caste
434 994 597 1072 pubescere
610 993 710 1069 tectis,

68 1085 112 1146 Et
122 1106 239 1147 servare
253 1086 334 1146 diem
348 1086 432 1166 jussis
445 1085 589 1166 permissa
602 1099 771 1166 parentuma

69 1180 223 1260 Aequam
235 1178 428 1258 tranquillum
439 1198 610 1238 sermonem
622 1179 748 1240 nuncius
760 1179 825 1241 infit
839 1205 846 1239 :

69 1271 177 1349 Salve,
191 1271 334 1355 progenie
349 1284 442 1332 terras
452 1273 550 1353 jutura
561 1271 689 1345 salubri,
713 1303 717 1311 ·

66 1366 183 1428 Desine
194 1379 357 1446 conspectu
367 1378 502 1426 mentem
515 1365 635 1425 turbare
649 1366 792 1426 verendo.

65 1462 150 1522 Nam
163 1460 399 1540 tuaconcipient
413 1458 648 1522 coelestiriscera
661 1460 743 1539 jussu

64 1554 203 1629 Natum,
218 1574 309 1632 quem
321 1573 443 1636 regnare
457 1551 542 1613 Deus
556 1573 610 1632 per
622 1552 721 1614 secula
733 1565 866 1628 cuncter

67 1645 108 1733 Et
121 1647 281 1728 propriam
294 1647 375 1707 credi
386 1646 523 1707 sobolem
540 1647 721 1729 gaudetque,
733 1647 884 1728 jubetque

67 1739 164 1802 Hunc
176 1740 227 1800 ubi
240 1739 295 1799 sub
309 1739 407 1801 lucem
419 1740 553 1814 dederis,
569 1739 606 1799 sit
619 1734 744 1800 nomine
757 1739 855 1801 Jesus.

66 1833 114 1894 hd
129 1853 223 1913 quem
235 1833 318 1915 virgo
332 1832 560 1913 dehincpavido
574 1834 617 1893 sic
629 1833 748 1894 inchoat
762 1854 814 1893 ore
829 1859 836 1893 ι

64 1925 180 1986 Nullos
192 1938 353 2005 conceptus
365 1925 430 1986 fieri
443 1927 508 1985 sine
521 1927 645 2006 conjuge
661 1926 771 1984 dicunt.

64 2017 159 2080 Unde
172 2019 262 2100 igitur
273 2019 411 2079 sobolem
424 2019 562 2078 mihimet
575 2018 703 2097 sperabo
717 2017 839 2076 reni're?

62 2111 206 2174 Nunnius
216 2112 280 2173 baec
293 2124 396 2172 contra
407 2111 497 2173 celeri
510 2108 772 2170 sermone·fatetrrr
785 2133 792 2168 ε

61 2203 173 2265 Virtus
186 2204 264 2266 celsa
277 2203 337 2264 Dei
352 2203 602 2265 circumvolitabit
616 2202 815 2277 obumbrans,

65 2297 200 2380 Spiritus
209 2311 238 2359 et
249 2298 347 2358 veniet
361 2319 470 2378 purus,
484 2296 647 2359 lectissima
656 2296 758 2378 virgo,

62 2392 115 2454 Ac
125 2392 181 2451 tibi
195 2412 265 2452 mox
277 2381 407 2473 puerum*
417 2404 497 2452 casto
510 2411 648 2450 sermone
666 2387 780 2469 jubebit
874 2398 878 2404 '

60 2484 264 2568 Magnificum
275 2485 354 2568 gigni
370 2485 506 2567 populis,
519 2505 610 2564 quem
623 2485 743 2544 credere
757 2495 890 2543 sanctum
902 2526 921 2557 ,,

65 2577 271 2660 Supremique
283 2577 345 2638 Dei
357 2579 602 2660 natomrvooitare
614 2590 734 2639 necesse
747 2591 799 2638 cst.

66 2670 119 2733 Sic
132 2671 341 2753 cognata-tibi,
354 2670 461 2749 sterilis
474 2692 539 2748 quae
550 2669 662 2731 credita
673 2669 803 2743 cunctis,

66 2765 218 2826 Zachariae
230 2766 337 2845 conjux
349 2763 615 2846 mortaligerrnine
629 2782 726 2842 nuper

68 2856 153 2918 AEvo
166 2856 288 2918 defessis
300 2859 378 2918 auxit
392 2857 534 2918 miracula
545 2856 700 2936 membris.

71 2947 177 3012 Sextus
185 2953 268 3011 adest
281 2953 391 3012 mensis
404 2975 411 3009 z
427 2964 532 3033 parent
542 2950 585 3011 sic
599 2949 701 3009 omnia
713 2946 807 3028 jussis
884 3006 886 3014 ,

70 3039 285 3128 Virgo·‹lehinc
298 3067 305 3103 ι
319 3043 458 3108 Domino
472 3043 614 3105 famulam
631 3062 710 3104 nunc
728 3053 797 3103 ec'ce
810 3037 943 3120 jubenti,

774 3131 821 3193 15.
