2018 3714
77 286 151 371 ²⁸7·
267 284 726 348 ursr.uvr1rouutenrtn.r.
871 282 926 349 tdt

77 391 204 466 uernis,
217 386 390 469 templique
403 386 502 447 libens
511 396 626 447 secreta
638 384 751 465 petivit.

76 508 131 549 um
145 504 205 569 per
215 482 302 544 vicos
313 479 414 556 orbis,
428 499 544 561 perque
555 478 655 539 abditu
666 490 761 551 tectu,

76 600 164 662 :rque
179 576 267 639 iteris
279 586 399 650 stratas,
413 593 470 655 per
482 585 590 647 notos,
602 592 717 654 perque
729 576 918 659 propinquos

76 672 213 737 irrerebat
223 664 354 754 genitrix
366 691 378 740 τ,
387 668 441 729 sed
451 665 500 726 lux
512 665 565 725 ubi
577 665 665 726 tertia
677 667 779 743 venit,

76 770 93 829 l
105 764 259 847 templum
271 781 405 843 propere
417 770 549 830 remeat:
564 771 723 841 ratumque
734 762 852 827 choreis

79 860 165 923 venit
178 858 346 929 insertum,
359 854 518 937 legumque
532 852 659 914 obscura
671 853 760 915 senili

76 962 249 1015 :aetatem
261 958 349 1009 ooetu.
362 944 423 1006 Vix
434 944 594 1006 admiratio
607 945 694 1029 digna

79 1068 96 1109 e
108 1043 201 1127 pueri
214 1039 318 1103 verbis
329 1038 450 1101 senibus
462 1039 528 1099 lusit,
540 1037 583 1098 At
596 1039 647 1119 pie
659 1052 770 1118 mater,

77 1140 154 1213 nte,
167 1138 225 1211 ait,
238 1133 383 1195 uminum
395 1132 537 1217 lucrymis
550 1144 579 1193 te
590 1152 692 1213 quaero
707 1135 836 1215 prolusio

77 1232 153 1294 ‚nxia
162 1250 233 1293 cum
243 1226 380 1309 genium
390 1246 513 1310 gemens
526 1249 534 1286 ι
547 1246 612 1305 quae
626 1246 711 1287 causa
724 1244 882 1313 parentum

79 1324 194 1389 ecernit
206 1340 330 1405 gressu,
343 1320 509 1401 templique
523 1320 554 1379 iu
565 1322 635 1381 sede
648 1324 795 1384 retentat?

77 1423 106 1484 le
118 1432 224 1482 autem
238 1440 246 1475 :
261 1414 347 1494 Quid
362 1434 413 1475 me
424 1426 561 1490 tannim,
575 1416 647 1494 quid
667 1417 816 1495 queritis?
829 1416 938 1499 inquit-¹

76 1538 100 1576 u
113 1512 258 1574 nondum
270 1508 376 1583 sentis,
389 1507 532 1590 genitrix,
547 1509 627 1587 quod
638 1511 703 1591 jure
716 1512 847 1592 paternis

76 1606 200 1681 edibus,
213 1614 245 1665 et
257 1601 398 1663 domibus
407 1614 511 1661 uatum
522 1601 687 1664 inhabitare
699 1622 818 1668 necesse
831 1608 895 1670 est?

75 1700 137 1763 laec
149 1700 209 1773 ait,
221 1708 253 1757 et
261 1716 394 1779 gressum
407 1695 516 1769 sociat,
529 1697 717 1776 patriamqne
731 1699 854 1761 revisite

74 1795 127 1857 lec
138 1789 267 1875 genitrix
278 1789 352 1849 tenti
365 1788 513 1869 persensit
523 1790 658 1869 pondera
669 1792 771 1868 verbi,

72 1888 181 1951 lrdine
189 1895 300 1949 ennete
311 1895 414 1943 tamen
427 1882 525 1944 cordis
538 1873 650 1945 secreta
660 1900 821 1948 reservant.

71 1997 97 2045 ut
110 1999 193 2065 puer
206 1976 359 2056 ohsequiis
369 1988 438 2058 apte
451 1976 648 2056 praedulcibus
660 1977 765 2038 ambos

70 2079 104 2139 td
118 2070 285 2158 proprium
297 2090 418 2151 semper
430 2090 538 2152 cogens
550 2069 688 2131 nectebat
701 2089 848 2134 amorem.

97 2164 348 2245 Interea'yeteris
360 2164 464 2244 scripti
476 2183 531 2244 per
546 2162 646 2222 debila
659 2182 780 2224 currens

69 2261 183 2325 Omnia
195 2258 346 2323 seclorum
359 2258 450 2319 series
464 2256 611 2338 promissa
623 2256 767 2321 trahebar.

69 2354 218 2419 Zachariae
231 2350 351 2413 soboles
364 2350 487 2412 desertis
499 2350 624 2412 vallibus
636 2370 742 2412 omnes

69 2450 115 2511 td
128 2446 326 2528 deponendos
339 2443 469 2506 maculas
481 2443 613 2505 clamore
626 2445 769 2521 vocabat,

69 2540 223 2605 Fluminis
233 2551 265 2601 nt
277 2538 383 2619 liquidi
397 2551 537 2619 caperent
547 2539 685 2599 miranda
697 2539 835 2620 lauaem

69 2636 170 2718 Queis
182 2633 292 2695 anime
303 2632 419 2714 species
431 2632 530 2693 abluta
542 2635 631 2694 sorde
643 2632 772 2712 niteret,

69 2731 161 2793 lsaias
172 2740 254 2788 vates
268 2726 377 2789 cecinit
389 2728 470 2806 quod
482 2727 606 2787 nomine
619 2728 714 2810 jussus
727 2750 736 2788 r

68 2823 139 2884 Vox
152 2821 212 2881 late
226 2832 346 2881 resonat
358 2819 481 2880 desertis
492 2819 633 2892 vallibus;
648 2818 764 2901 amplas

68 2915 214 2978 instruite
226 2927 346 2989 stratus,
361 2914 460 2974 omnis
470 2914 508 2974 sit
520 2927 601 2976 recta
613 2912 731 2974 viarum

74 3007 209 3085 semite,
224 3030 290 3089 quse
301 3006 431 3069 Domini
445 3008 532 3091 digne
544 3007 664 3090 vestigia
676 3018 780 3090 gestet·

67 3098 236 3167 Subsident
250 3100 361 3181 eolles,
373 3100 459 3167 vallis
472 3099 675 3185 complebitur
687 3098 785 3166 omnis
804 3121 814 3161 e

775 3190 814 3255 16
