2046 3712
57 470 187 550 uasti:
325 485 685 542 orusuuuutu.
880 475 941 551 485

57 578 131 641 Non
143 597 198 659 ego
210 595 263 640 vos
273 577 397 658 posthac
408 578 490 641 caesis
502 581 541 640 de
552 600 639 640 more
650 579 783 662 juucndis

57 669 232 754 Rolligione
243 685 361 752 patrum
370 715 381 746 ‚
391 672 504 735 truncis
512 684 542 733 et
553 673 664 733 robore
678 685 778 748 natas,

57 761 222 827 Mortalire
235 785 326 826 manu
338 765 468 848 effigies,
483 786 539 829 nec
548 767 662 846 templa
675 768 801 827 deorum
906 760 908 768 ’

57 855 191 933 Audire,
206 871 236 918 et
247 871 386 940 repetens
398 860 567 941 iterumque
581 860 749 939 iterumque
764 861 918 923 monebo:

57 947 120 1012 Sed
134 951 256 1032 periisse
269 952 364 1012 semel
375 942 444 1012 satis
453 966 516 1027 est,
529 966 692 1032 natumque
707 965 884 1034 patremque

57 1039 211 1105 Profuerit
223 1045 395 1105 meminisse
408 1045 520 1128 magis,
534 1047 559 1106 si
573 1047 696 1108 credere
709 1047 832 1129 dignum
844 1060 897 1110 est.

57 1132 121 1198 Sed
133 1138 206 1220 sugit
218 1139 350 1212 interea,
365 1138 439 1220 firgit
446 1139 645 1202 irrevocabile
655 1151 793 1220 tempus,

57 1226 326 1311 Flammarumque
337 1231 418 1308 dies,
433 1244 464 1293 et
475 1233 522 1295 vis
531 1233 655 1296 inimica
668 1234 861 1318 propinquat.

330 1399 367 1437 DE
384 1397 496 1439 tumulo
525 1399 668 1440 vnttwrto.

97 1495 244 1557 Attonitis
255 1497 367 1558 haesere
379 1497 488 1558 animis
502 1521 510 1558 t
523 1518 581 1560 nec
594 1498 680 1578 plura
693 1509 826 1559 moratus

58 1587 123 1651 Hic
136 1590 216 1649 aliud
229 1591 326 1672 majus
334 1590 453 1650 miseris
464 1590 740 1674 mortalibusaegris·

57 1681 79 1744 J
81 1684 215 1744 udicium
227 1684 323 1758 canit,
336 1697 366 1744 et
377 1684 476 1745 tristes
486 1684 731 1758 denuntiatirasp

57 1773 230 1838 Venturum
245 1777 413 1852 excidium,
427 1777 660 1840 vastalconvulsa
673 1776 767 1842 ruina

57 1867 178 1930 Omnia
191 1883 262 1931 tunc
275 1869 390 1949 pariter.
397 1870 487 1929 rutilo
501 1871 655 1932 miscerier
668 1871 730 1954 igni
739 1915 757 1946 ,,

57 1962 262 2042 Palantesque
276 1961 349 2043 polo
362 1961 477 2038 stellas,
490 1963 617 2042 coelique
631 1966 759 2025 ruinam.

57 2056 147 2117 Tunc
159 2075 230 2117 vero
244 2056 417 2118 tremefacta
425 2074 521 2117 novus
534 2076 589 2135 per
602 2069 726 2137 pectora
738 2057 852 2120 cunctis

57 2150 194 2212 insinuat
204 2169 318 2231 pavor,
332 2163 362 2210 et
375 2149 456 2212 taciti
468 2162 593 2212 ventura
606 2149 756 2211 videbunt.

57 2306 126 2359 pum
144 2305 197 2344 suu
213 2304 381 2346 suessonum
394 2305 509 2354 rousr,
527 2303 571 2342 ur*
583 2299 672 2343 vrrsu
689 2298 836 2344 munnam
853 2299 945 2340 rossc-

238 2418 351 2468 numsr‚
369 2416 465 2454 rurus
486 2412 597 2470 ququam
614 2412 635 2452 n·
648 2413 767 2452 nousso.

76 2522 79 2527 ’
103 2524 180 2588 Haec
192 2547 283 2608 super.
293 2528 500 2587 ad‘ventucum
514 2523 593 2585 dicta
606 2523 756 2585 horrenda
769 2533 907 2584 moneret
999 2546 1001 2551 ·

59 2617 131 2681 Ora
140 2641 217 2700 puer
230 2619 329 2702 prima
341 2619 459 2700 signans
472 2617 590 2678 intonsa
601 2619 739 2699 juventa,

57 2712 158 2774 Dives
173 2734 287 2793 opum,
302 2713 405 2774 studiis
416 2708 529 2772 floreus
541 2711 683 2795 ignobilis
697 2710 751 2773 ott:

60 2801 208 2886 Quinque
219 2826 321 2890 greges
333 2804 563 2880 illibanum,
579 2819 610 2867 et
620 2805 699 2867 bina·
706 2801 844 2864 redibant
863 2882 868 2891 ι
940 2844 944 2849 -

58 2899 227 2974 Armenta,
240 2913 271 2959 et
283 2899 410 2980 dapibus
422 2917 541 2961 mensas
554 2897 700 2965 onerabat
711 2894 833 2978 opimis.

63 2979 350 3073 Continuo'palmas
362 2993 474 3054 alacres
487 2988 782 3071 utrasque-tutudit,

62 3083 108 3147 Et
117 3106 212 3170 genua
224 3085 422 3168 amplectens,
434 3085 478 3147 sic
492 3104 544 3146 ore
558 3083 663 3146 affatus
677 3083 776 3147 amico
789 3093 853 3143 est:

67 3176 107 3239 Θ·
115 3179 217 3255 Deus,
231 3200 250 3240 o
263 3179 351 3241 samae
363 3177 473 3248 merito
486 3196 557 3260 pars
570 3180 700 3240 maxima
712 3188 840 3251 nostrae,

66 3270 117 3334 Ad
129 3287 158 3338 te
171 3273 329 3363 confugio,
343 3286 373 3339 et
384 3271 512 3356 supplex
523 3284 573 3336 tua
586 3272 711 3336 numina
724 3288 818 3356 posco
831 3289 840 3326 ι

733 3447 736 3457 .
776 3363 826 3438 n.
