2018 3714
149 229 211 293 ηδ
363 242 504 296 ennunu
520 242 621 295 nunu
648 241 813 296 vrcrorus
916 256 944 297 e
958 237 1003 297 22!

149 339 273 400 Sisteret
286 336 441 417 amplexu:
456 335 589 414 nullique
603 333 729 396 obnoxia
743 337 860 420 culpae,

147 430 189 492 Et
201 429 371 490 Dominum
383 431 479 504 votis,
493 441 521 489 et
534 449 609 508 pura
621 441 721 489 mente
735 429 886 507 colendo,

147 523 279 584 Eliceret
297 523 440 601 quidquid
454 534 554 603 posset
565 522 636 581 satis
646 543 707 581 esse
721 524 848 594 duobus.
941 537 948 550 ·

150 615 204 677 Sic
216 616 307 676 multa
320 630 450 676 extorres
462 613 621 676 comitatur
631 617 740 697 gratia,
754 637 894 696 quorum

146 711 237 773 Auxit
248 709 447 790 multiplicans
462 729 517 788 per
528 709 653 768 nomine
667 708 749 768 mille
760 714 915 791 nepotum
982 726 985 731 '

145 802 327 886 Progeniem
336 802 421 862 Deus
435 802 646 881 omnipotens,
662 823 821 884 regemque
838 803 981 866 Cainum

119 918 124 926 ·
147 895 221 957 Esse
233 896 313 956 dedit
326 895 464 976 populis,
477 916 550 972 quos
562 895 680 977 cingere
693 897 841 957 moenibus
854 900 957 960 urbes
998 944 1002 951 -

147 988 287 1064 Erudiit,
301 988 451 1070 praelonga
462 989 565 1049 videns
578 988 758 1069 intempore
770 1002 869 1051 natos.

191 1081 308 1141 interea
320 1093 425 1141 moesto
439 1101 555 1141 rursum
568 1081 664 1162 gravis
676 1080 745 1142 Eva
753 1082 866 1142 marito

77 1214 79 1218 =
148 1174 290 1236 Pensarat
303 1175 435 1253 primurn
448 1185 548 1234 sancto
562 1175 622 1253 jam
633 1176 758 1257 pignore
771 1175 943 1253 damnum,

51 1261 69 1308 ⁶·
148 1267 387 1346 Reddideratque
400 1267 509 1330 iterum
522 1269 662 1347 noreiam
675 1266 761 1346 prole
773 1270 897 1347 parenti

146 1359 331 1443 Multiplices
344 1359 435 1419 animi
450 1379 552 1434 curas,
565 1373 595 1421 et
606 1360 700 1421 mixta
710 1360 818 1422 labore·

146 1453 284 1534 Gaudia:
298 1450 370 1510 Seth
384 1472 476 1532 puero
490 1474 603 1528 nomen
614 1454 712 1515 secere
723 1499 732 1528 ,
745 1455 812 1516 rice
822 1455 909 1516 Ahet·
970 1504 974 1512 .
996 1482 1000 1505 ι

148 1545 250 1624 Quem
262 1544 342 1604 dedit
353 1545 544 1625 omnipotens
557 1545 615 1627 illis
627 1545 711 1606 Deus
724 1573 731 1606 ι
746 1548 824 1606 unde
839 1562 943 1610 secuta
956 1541 1001 1610 est⁸

145 1635 326 1719 Posteritas,
340 1639 420 1718 cujus
432 1639 595 1698 desemine
609 1639 722 1719 prodiit
731 1637 838 1714 Eoos,
931 1649 935 1654 '

150 1726 217 1808 Qui
227 1730 341 1810 primus
352 1730 439 1791 tacita
451 1729 544 1790 lectus
555 1731 664 1790 virtute
675 1733 820 1798 sacerdos·

150 1820 245 1885 Posse
257 1823 335 1885 ciere
348 1823 407 1903 piis
418 1823 576 1904 precibus,
590 1836 721 1901 votoque
733 1835 890 1903 potentem

77 1939 79 1944 ·
151 1912 305 1996 Speravit,
321 1917 486 1993 meruitque
499 1913 618 1988 Deum,
633 1915 838 1995 populumque
850 1932 990 1980 secutum

145 2007 278 2083 lmbuit,
292 2009 393 2069 eeterni
408 2007 517 2068 cultum
532 2029 646 2068 servare
663 2006 805 2068 Parentis.

150 2099 242 2185 Cujus
254 2104 291 2163 de
302 2101 376 2161 serie
390 2099 506 2181 pollens
520 2100 674 2161 virtutibus
687 2099 795 2160 Enocb

147 2193 359 2266 Descendens,
374 2193 487 2252 meritis
499 2193 588 2253 etiarn
600 2214 661 2252 non
675 2194 773 2273 impar
783 2194 891 2270 avitis,

147 2284 292 2346 Redditus
303 2287 334 2345 in
346 2287 432 2346 sedes
441 2285 551 2365 patries
563 2285 727 2363 orbemque
739 2286 883 2362 beatum,

150 2375 235 2437 Vivit
248 2379 360 2453 adbuc,
375 2391 404 2437 et
416 2377 504 2437 habet
516 2379 654 2458 ritaejam
666 2398 756 2459 regna
768 2378 883 2440 futuraess

149 2469 211 2531 Hic
222 2470 288 2550 justi
301 2491 426 2551 proavus
439 2469 508 2529 Noe
521 2470 575 2530 sub
587 2483 725 2549 tempora
734 2473 813 2552 cujus

147 2560 258 2623 iniecit
268 2576 364 2623 toturn
378 2563 479 2623 studiis
493 2562 688 2624 concordibus
699 2564 804 2624 orbern

150 2652 249 2736 Culpa
260 2655 413 2734 frequens,
431 2656 566 2736 vitiisque
580 2676 703 2735 sequens
713 2656 842 2738 adjunxit
856 2661 952 2722 avitis

148 2745 309 2808 Posterites
323 2749 447 2809 vitium:
461 2761 642 2828 quapropter
655 2747 738 2808 mille
751 2770 805 2828 per
817 2769 916 2812 annos
930 2797 941 2830 ,

147 2839 208 2899 Aut
218 2861 314 2922 prope
328 2843 456 2922 majores
469 2863 538 2901 cum
548 2842 648 2901 vivere
662 2841 899 2918 consuevissent,

148 2928 199 2992 Ne
211 2935 343 3012 perversi
354 2935 511 2994 hominum
525 2954 624 2994 mores
637 2933 834 2994 crescentibus
844 2937 940 2998 annis

148 3023 350 3108 Augmeutum
360 3028 551 3110 acciperent,
564 3026 641 3089 vitiis
655 3037 687 3087 ut
698 3026 841 3088 terminus
855 3043 953 3108 esset,
