2018 3714
70 294 133 371 45,
373 294 406 345 r.
440 294 691 347 nsunrnr
830 274 937 351 slllt

74 392 232 464 Consilia,
245 398 281 449 nt
292 386 351 447 sim
364 385 561 466 promeritus
575 383 688 447 Christi
701 383 764 444 lore
781 385 900 455 demun,

74 485 224 553 Ausonii:
237 482 313 543 leret
324 478 377 539 ille
387 492 448 541 tuae
460 498 517 539 sua
531 479 659 561 praemia
671 478 750 537 laudi
762 502 770 537 ι

74 584 186 659 Deque
199 590 250 637 tua
259 574 394 655 primum
408 572 465 632 tibi
477 572 600 633 deleret
610 572 719 631 arbore
731 572 853 632 lmotunt.

75 674 188 744 Unde,
202 687 332 751 precor,
347 664 478 725 meliora
490 676 583 745 putes
595 688 602 723 ι
616 684 676 725 nec
688 662 809 723 maxima
820 662 899 743 perlat

79 763 230 837 l'raemia,
243 759 416 821 detestando
429 758 490 817 tuis
502 756 593 816 buna
605 756 740 817 lontibus
749 770 818 817 orta.

80 854 156 915 Non
170 854 283 914 etenim
291 851 561 931 mihimensvaga:
576 851 631 909 sed
641 849 939 941 nequeparti'oipantm.

79 952 103 1005 Υ
109 948 151 1007 ita
162 946 248 1028 fugax
259 943 418 1004 hominum
432 939 537 1024 Lyciue
551 962 614 1020 qua
628 942 739 1003 scribis
750 945 780 1003 in
792 941 871 1003 antris

83 1038 250 1119 Pegaseum
264 1036 367 1097 vixisse
379 1034 525 1113 equitem.
541 1032 633 1095 Licet
647 1034 717 1096 aria
731 1035 813 1095 multi

81 1132 222 1193 Numine
234 1142 338 1212 agente
350 1126 470 1202 colant,
483 1126 561 1187 clari
575 1127 662 1188 velut
675 1142 747 1191 ante
759 1130 904 1211 sophorum

84 1223 148 1283 Pro
161 1226 268 1285 studiis
280 1222 430 1299 murisque
443 1220 520 1292 suis,
535 1232 572 1279 ut
584 1220 671 1282 nu'ne
683 1243 803 1302 quoque
815 1225 890 1285 uastis

85 1316 152 1395 Qui
167 1315 324 1378 Christum
335 1332 489 1395 sumpsere
501 1310 616 1375 animis
624 1315 766 1398 ‚agitare
779 1317 936 1397 lrequeutant

81 1408 159 1470 Non
173 1410 281 1490 inopes
291 1407 400 1482 animi,
413 1425 510 1486 neque
523 1404 563 1467 de
571 1405 704 1467 lentate
713 1410 848 1492 legentes

84 1502 223 1563 Desertis
234 1502 369 1563 habitare
382 1500 455 1562 lucis
469 1522 477 1558 ι
492 1499 544 1559 sed
559 1498 594 1559 iu
608 1500 707 1561 ardna
721 1504 801 1564 versi

86 1594 214 1667 Sidera,
228 1607 452 1675 spectantesque
466 1591 592 1668 Deum,
606 1593 740 1675 verique
754 1596 901 1677 profunda

89 1686 270 1767 Perspieere
283 1687 407 1762 intenti,
422 1688 459 1747 de
471 1686 554 1746 ranis
564 1685 667 1747 libere
682 1691 770 1751 euris

89 1778 164 1839 Otia
176 1793 298 1855 amant,
312 1779 582 1861 strepitusquelori
597 1822 607 1854 ‚
623 1802 797 1863 rerumque
809 1783 941 1845 tumultus.

88 1871 266 1950 Cunctaque
281 1873 388 1933 divinis
402 1873 522 1934 inimica
534 1873 660 1954 negotia
677 1877 794 1953 donis,

88 1964 129 2023 Et
144 1962 257 2025 Christi
273 1966 424 2046 imperiis,
440 1978 467 2025 et
481 1986 583 2025 amore
598 1968 707 2026 salutis
723 1971 893 2030 abhorrent.

92 2057 214 2139 Speque
230 2059 345 2136 fideque
361 2060 463 2119 Deum
478 2080 587 2141 sponsa
597 2064 748 2122 mercede
763 2076 930 2142 sequuntur,

91 2154 194 2227 Quam
213 2152 320 2211 referet
333 2167 428 2213 certus
441 2175 502 2213 non
514 2155 751 2232 desperantibus
763 2171 883 2229 auctor,

86 2244 120 2304 Si
137 2246 229 2305 modo
244 2266 305 2304 non
317 2247 434 2306 vincunt
443 2247 539 2307 vacuis
552 2249 716 2325 praesentia
733 2251 823 2309 rebus
840 2272 846 2306 :

84 2338 224 2416 Quaeque
240 2341 338 2413 videt,
353 2354 472 2420 spernat
487 2365 493 2399 :
510 2362 574 2419 quae
594 2360 658 2399 non
680 2341 791 2418 videt,
810 2350 918 2421 expetat
937 2358 942 2393 ι

250 2454 345 2491 mens.

83 2524 225 2602 Namque
240 2528 349 2587 caduca
362 2539 463 2606 patent
478 2551 484 2584 :
499 2526 607 2584 nostris
620 2539 740 2586 aeterua
756 2539 895 2609 negantur

86 2616 225 2676 l'isilrus:
242 2633 270 2679 et
283 2642 361 2680 nunt:
376 2640 428 2699 spe
442 2620 597 2696 sequimur
609 2619 693 2694 quud
709 2634 815 2680 mente
827 2619 943 2680 videmur

82 2708 267 2785 Speruentes
282 2716 375 2773 varias
391 2735 493 2773 rerum
504 2711 672 2791 spectacula
687 2711 827 2790 forrum,

80 2796 122 2855 Et
136 2803 213 2861 ursle
227 2826 390 2884 corporeos
404 2807 485 2866 bona
495 2802 689 2862 sollicitantia
701 2805 794 2866 visus.

79 2889 221 2952 Attamen
237 2899 298 2958 lnec
311 2902 420 2959 sedisse
433 2900 493 2958 illis
505 2895 651 2956 sententia
666 2894 730 2953 visa
743 2910 811 2972 est,

80 2974 157 3039 'l'ota
171 2989 276 3059 quilius
289 2994 349 3070 jam
365 2995 412 3052 lux
424 2992 521 3073 putuit
534 2991 673 3066 verique,
691 2988 846 3068 bonique,

79 3065 205 3134 lJenturi
220 3094 363 3144 aeternum
376 3088 467 3164 secli,
483 3098 512 3147 et
526 3080 680 3166 prrusentis
694 3081 800 3144 inane.
