2046 3712
65 106 186 171 v.536.
327 104 684 169 OPUSCULUM.
893 107 954 191 487

65 215 128 278 Hae
141 233 230 278 sacrae
242 213 343 288 sedes,
358 214 437 274 miro
451 213 531 292 quod
543 212 660 275 honore
672 211 820 276 colebant

66 309 212 390 Namque
224 309 279 370 sub
292 308 404 391 ingenti
416 307 519 368 lustrat
531 308 604 367 dum
616 306 729 391 singula
742 307 858 389 templo
869 353 885 386 ‚.

68 403 231 467 Horrescit
242 401 306 464 visu
315 401 414 463 subito
429 402 639 482 :insonuitque
653 400 786 485 flagello,

67 497 280 582 significatque
292 516 403 573 manu,
418 509 448 557 et
460 516 570 579 magno
583 495 672 556 simul
687 497 802 556 intonat
816 516 889 558 ore:

67 592 149 672 Quae
161 590 308 654 scelerum
321 590 429 663 facies,
442 610 543 670 quaeve
557 611 615 650 uera
629 590 769 651 micantia
781 609 895 667 cerno‚.

29 676 40 688 ’
69 682 196 748 Caesaris
210 698 239 746 et
250 705 364 746 nomen
374 685 387 746 ,Ρ
398 705 464 764 quae
477 695 611 744 mentem
624 684 739 744 insania
753 686 870 748 mutati.

68 775 129 857 Hae
140 778 229 840 nobis
242 777 375 859 propriae
386 778 489 853 sedes,
504 777 553 840 bic
566 790 708 859 tempore
719 789 802 839 certo

66 870 227 955 Perpetuis
235 872 316 933 soliti
329 885 448 953 patrum
461 874 617 934 considere
631 870 752 932 mensis.

67 963 263 1048 Obstupuere
277 966 400 1042 animis,
414 964 586 1048 gelidusque
599 987 653 1046 per
667 965 728 1025 ima
740 964 870 1028 cucurrit

67 1054 148 1121 Ossa
164 1072 293 1134 tremor,
308 1076 487 1136 mensasque
498 1071 581 1117 metu
595 1058 708 1137 liquere
723 1059 850 1140 priores.

170 1262 172 1267 ⁴
239 1220 378 1262 nucleum
394 1216 625 1261 runrcululturuu
641 1222 673 1260 nt
692 1221 776 1260 MARI-

107 1335 184 1396 Inde
194 1335 246 1396 ubi
259 1336 358 1417 prima
369 1333 442 1397 tides
455 1333 580 1418 pelago,
594 1333 754 1414 tranquilla
764 1355 820 1417 per
830 1335 896 1396 alta..

62 1428 229 1492 Deducunt
242 1431 320 1491 socii·
329 1449 433 1504 nares,
449 1441 537 1508 atque
551 1442 613 1490 arte
628 1429 787 1512 magistra,

63 1523 131 1586 Hic
142 1523 216 1585 alius
228 1522 424 1583 lunda-latum
436 1516 654 1585 transverberat
664 1545 786 1587 amnem

61 1616 136 1681 Atta
149 1629 268 1698 petens,
283 1615 447 1699 pelagoque
462 1613 537 1675 alius
549 1617 637 1676 trabit
648 1619 773 1679 vhumida
784 1618 855 1679 lina.
899 1653 901 1657 <

62 1709 231 1790 Postquam
242 1711 336 1770 altum
346 1723 470 1770 tenuere
485 1720 580 1781 rates,
594 1729 651 1770 nec
664 1710 725 1790 jam
741 1711 871 1791 amplius
883 1711 959 1773 ulloe

64 1801 356 1878 Occurruntterrae‚
371 1802 485 1864 crebris
499 1800 589 1863 micat
603 1802 720 1885 ignibus
733 1803 840 1881 aether,

62 1896 210 1979 Eripiunt
223 1898 323 1958 subito
336 1897 431 1958 nubes
444 1895 612 1976 coelumque
626 1896 767 1975 diemque
780 1919 788 1955 ε

65 1988 260 2074 Consurgunt
273 1991 371 2063 venti,
387 2002 416 2050 et
429 1987 533 2050 linctus
542 1990 580 2049 ad
590 1989 688 2050 sidera
701 1989 818 2051 tollunt.

62 2085 108 2148 At
121 2086 210 2147 sociis
221 2085 318 2149 subita
331 2084 445 2167 gelidus
456 2082 619 2143 formidine
633 2084 750 2166 sanguis

63 2177 202 2263 Diriguit
214 2222 223 2255 ,
237 2177 372 2240 cecidere
383 2175 498 2250 animi,
513 2178 671 2257 cunctique
686 2189 809 2258 repente

63 2271 194 2334 Portum
208 2270 398 2352 aspectabant
411 2267 534 2346 flentes,
549 2292 605 2333 vox
617 2271 757 2333 omnibus
770 2288 848 2348 una,

64 2362 221 2447 Spemque
234 2377 407 2443 metumque
421 2363 500 2425 inter
512 2365 616 2440 dubii,
631 2385 682 2426 seo
695 2366 794 2427 vivere
807 2366 954 2444 credant,

64 2456 138 2520 Sive
152 2471 282 2519 extrema
294 2457 375 2538 pati,
386 2455 460 2518 lethi
473 2457 646 2520 discrimine
659 2476 771 2539 parvo,

65 2549 184 2632 Qualia.
191 2551 285 2613 multa
295 2550 371 2612 mari
384 2551 647 2632 nautae-patiuntur
661 2550 693 2610 in
705 2549 774 2611 alto·

240 2716 387 2759 cumarum
403 2713 563 2754 Auuuuussu
581 2714 669 2754 SUPER
688 2713 782 2765 AQUAS.

108 2827 188 2892 Ecce
202 2827 287 2890 Deus
298 2846 408 2910 magno
419 2824 538 2886 misceri
551 2805 705 2885 murmure
716 2838 862 2907 pontum,

65 2919 277 3007 Emissamque
288 2921 430 2984 hiemem
436 2920 541 2998 sensit,
557 2920 605 2982 cui
617 2939 734 2980 summa
748 2931 877 3002 potestas
