2018 3714
22 269 141 350 otas».
209 284 386 338 oomnnnn
402 287 439 339 nt
454 286 600 343 nnnnsnt
615 291 678 343 nn.
693 291 728 345 n.
852 284 910 347 13³

25 380 113 443 luter
122 396 216 461 aquas
227 381 298 460 qnid
312 380 506 462 pertulerint,
519 384 591 463 quid
604 406 727 448 munere
739 406 823 451 sacro

24 474 103 537 Nou
114 476 208 535 etiem
219 473 358 549 tulerint,
372 473 515 536 fremeret
528 497 597 537 cum
610 478 733 541 verbere
745 503 821 544 saevo

24 566 167 644 Pontus,
182 578 212 629 et
224 567 316 628 illisas
325 580 534 630 contemneret
545 589 613 631 arca
626 573 780 652 procellas.

26 659 172 741 Cumque
185 661 244 722 suis
260 660 330 722 Noe
342 682 431 741 quam
443 677 585 743 prompta
598 677 626 724 et
638 665 696 728 lata
709 668 851 748 revolvit,

28 754 69 816 Si
83 756 197 819 dmum
206 754 321 816 summi
334 754 424 814 luerit
434 754 550 838 largitio
567 755 662 820 Patris
676 782 683 818 :

27 847 121 932 Cogit
129 861 163 910 et
176 846 320 909 attonitos
332 848 436 907 mirari
449 868 485 910 ac
496 848 614 911 volvere
626 872 749 928 secum,

22 942 121 1003 Unde
133 955 255 1005 totenes
265 939 374 1003 animis
382 953 447 1002 toto
461 942 613 1004 suffecerit
626 965 726 1020 anno,

27 1036 110 1116 Quis
122 1049 230 1116 potus,
245 1055 375 1115 namque
386 1036 587 1112 hocnonstot,
602 1037 626 1097 si
639 1051 743 1099 eaetera
755 1041 824 1101 vitre

28 1127 248 1212 suppeterent,
261 1128 393 1204 clausos,
408 1128 613 1191 dum'lluctuat
625 1151 709 1205 arca,
723 1134 824 1212 perire

25 1222 114 1284 Inter
124 1244 213 1303 eques
226 1223 357 1304 potuisse
364 1222 415 1282 siti
429 1247 436 1282 ι
448 1222 508 1282 nisi
523 1235 621 1284 rector
637 1220 767 1308 Olympi

28 1315 215 1399 Depositos,
229 1314 385 1376 hominum
395 1315 504 1375 auxilio
519 1316 660 1395 donoque
672 1330 825 1393 carentes,

29 1409 241 1484 sustinuisset,
254 1430 291 1470 eo
304 1429 364 1489 quo
379 1410 627 1471 condidit-omnia
639 1423 722 1472 nutu.

24 1504 86 1565 Ille
100 1503 215 1564 animas
225 1501 319 1584 longae
332 1503 477 1582 perituras
491 1522 610 1565 carcere
621 1503 718 1566 noctis

27 1597 154 1658 Allecto
162 1595 235 1658 lucis
247 1595 398 1677 spolians,
409 1596 516 1658 virtute
530 1596 666 1677 replevit.

29 1690 90 1751 llle
103 1702 205 1750 uttam
215 1710 335 1773 segnem
349 1690 463 1770 possint
473 1691 607 1771 perferre
619 1690 770 1770 quietem,

23 1784 147 1845 Infudn
156 1783 235 1866 pigri
248 1783 398 1863 placidum
409 1784 540 1864 torporis
553 1804 708 1844 amorem:

29 1876 239 1959 Omnipotens
251 1877 322 1956 quid
335 1877 415 1937 enim
428 1897 490 1936 non
503 1879 566 1959 ejus
579 1878 696 1938 dextera
709 1877 803 1958 possit
814 1921 825 1953 ,

29 1972 94 2052 Qui
104 1968 198 2054 gelidi
211 1971 319 2050 raptim
331 1991 444 2032 mersos
454 1970 507 2031 sub
521 1970 640 2052 gurgitis
654 1970 747 2030 undas

28 2063 111 2127 Onm
123 2063 224 2124 visum
234 2076 276 2123 est
287 2065 408 2137 ardere,
423 2064 511 2137 lacit,
525 2061 719 2141 flammasque
731 2063 786 2123 sub
799 2063 878 2146 ipsos

29 2158 139 2243 Algere
153 2156 307 2219 invectos?
320 2156 411 2236 etqui
423 2177 504 2217 nunc
514 2168 651 2236 tempore
664 2174 758 2235 parvo

31 2249 121 2312 Peme
135 2250 238 2332 perire
249 2249 385 2310 homines
399 2250 500 2312 docuit
510 2248 711 2332 mergentibus
722 2250 828 2328 undis,

34 2341 181 2413 Ostendet
192 2342 322 2407 llemmis
332 2356 421 2424 atque
434 2343 521 2406 undis
532 2364 620 2426 posse
631 2343 755 2408 renasci.
