2046 3712
118 241 139 314 t
410 242 692 304 nuncupemur
904 259 929 301 r.
947 261 1000 325 pp.

118 341 300 418 Crudelem,
312 343 420 403 durum
430 386 439 418 ,
448 340 522 402 belli
533 341 582 403 cui
594 330 669 402 saevit
681 339 840 422 voluptas,

112 436 236 498 Judicio
245 437 445 512 horrendum,
458 434 598 516 precibus
610 436 930 500 mansuescerenullis.

114 527 189 590 Esse
202 529 294 591 alium
306 530 450 604 suadens,
461 527 536 589 nulli
547 528 597 609 qui
610 529 744 612 cognitus
756 542 888 610 unquam
901 575 916 608 ,

118 621 183 701 Qui
193 636 307 685 nonest
317 643 461 702 usquam,
473 621 653 682 salsumsine
665 623 790 685 nomine
803 645 934 686 numen.

118 712 312 777 Constituens
328 714 422 790 nihil,
437 728 467 776 et
478 713 559 774 nulla
571 716 863 796 praeceptalomtus3
893 744 897 752 t

118 806 212 871 Hunc
225 808 267 868 ait
277 807 482 882 essebonum,
497 806 614 868 nullum
628 808 678 887 qui
687 808 818 890 judicat,
830 831 921 891 seque

118 899 182 962 Sed
193 901 303 984 spargit
316 899 429 962 cunctis
441 899 551 975 vitam,
566 919 630 961 nen
641 902 754 963 invidet
765 901 829 962 ulti.

116 992 140 1053 J
142 994 274 1058 udicium
287 1005 373 1076 negat
386 1013 450 1054 esse
461 993 536 1068 reis,
551 993 689 1073 dulcique
702 1006 864 1056 cruentum

119 1083 303 1149 Circumfert
314 1085 432 1146 miseris
444 1085 568 1146 mixtum
582 1107 654 1148 cum·
664 1086 760 1148 melle
768 1094 935 1150 venenum.

117 1177 244 1262 Surgere
254 1195 342 1260 posse·
353 1191 439 1261 negat
451 1191 592 1256 carnem,
606 1180 655 1241 cui
668 1199 755 1241 causa
767 1180 862 1241 ruinae
907 1192 910 1204 ‘'
1001 1228 1004 1236 ,

116 1273 184 1354 lpse
199 1274 266 1345 tute
282 1295 373 1353 quam
384 1283 588 1353 contemptam
601 1272 741 1352 spoliavit
759 1273 887 1352 inique,

118 1365 283 1448 Propterea
296 1365 471 1427 maledictus
481 1365 572 1424 habet
583 1365 647 1426 sine
663 1365 723 1426 fine
738 1365 899 1439 dolorema.

118 1461 224 1522 Hostis
233 1459 304 1520 huic
316 1478 453 1539 semper,
468 1457 551 1518 vario
563 1458 633 1537 quia
645 1457 878 1521 vulnere-ritem·
970 1490 974 1519 ε

116 1555 234 1616 Nititur
246 1564 397 1626 excutere,
413 1562 459 1624 et,
474 1551 581 1629 deque
593 1551 654 1612 ruit
663 1551 733 1633 ‘ipse
745 1586 760 1627 ‚⁴
768 1551 907 1638 saluterr't‘.

117 1647 212 1727 Inque
222 1647 280 1706 hoc
291 1657 320 1705 et
333 1641 487 1706 Christum
498 1643 591 1705 terris:
598 1643 713 1705 venisse
725 1656 868 1724 repente,

118 1738 179 1801 Sed
191 1737 273 1798 nulla
283 1736 400 1797 socium
410 1737 507 1798 carnis
519 1737 698 1819 compagine
712 1735 844 1813 lactum„
856 1767 859 1773 ·

119 1831 249 1913 Spiritus
261 1843 291 1891 at
303 1831 421 1904 forma,
434 1841 463 1892 et
475 1829 648 1892 fictum-sub
659 1829 793 1912 imagine¹
801 1839 937 1911 corpus,

117 1925 237 1986 Fallere
249 1924 312 1985 vult
324 1922 480 1998 homines,
494 1924 577 2003 quod
588 1942 652 1982 non
665 1934 727 1997 est,
743 1934 806 1984 esse
820 1922 928 1985 rideri.
996 1937 1001 1942 ·

162 2019 231 2080 Hoc
244 2018 331 2080 docet
344 2036 414 2098 ergo
425 2014 531 2076 Deum
542 2059 552 2091 ,
565 2016 691 2098 caligine
705 2015 809 2077 ludere
821 2036 947 2094 suasus,
997 2028 1000 2035 ’

117 2111 246 2174 Mentiri
264 2156 273 2186 ,
289 2111 375 2174 nefas
390 2111 396 2170 l
412 2121 462 2169 aut
471 2109 629 2170 hominem
642 2129 674 2170 se
687 2108 787 2170 dicere
799 2108 894 2172 lalsu't'
932 2141 936 2149 ·

118 2203 275 2278 Portetur,
289 2203 436 2286 graditur,
449 2201 595 2275 vestitur,
610 2202 667 2262 rite
680 2200 824 2280 quiescit,

40 2361 42 2364 ,
116 2297 293 2370 Tractatur,
309 2295 438 2376 patitur,
452 2295 684 2375 suspenditur-et
695 2295 855 2375 sepeliturt
933 2301 937 2308 '

119 2388 234 2451 Omnia
244 2399 311 2449 sunt
323 2385 476 2462 hominis,
491 2408 557 2467 quae
567 2388 669 2448 sancto
688 2388 864 2468 incorpore
882 2395 1009 2450 versans

116 2482 240 2564 Apatre
252 2500 324 2543 vero
335 2478 406 2540 Deo
418 2480 543 2556 missus,
558 2481 609 2559 qui
623 2482 870 2556 cunctacreavit,
902 2497 906 2502 ’

115 2574 247 2636 Perfecit
260 2574 400 2654 proprie;
416 2592 487 2649 sua,
500 2593 563 2634 non
577 2573 674 2634 aliena
687 2574 856 2653 requirens.

116 2665 261 2751 Cognitus
274 2667 341 2746 ipso
353 2686 463 2746 opere,
475 2667 597 2747 populis
610 2668 797 2747 sperantibus
810 2665 907 2740 olim,
954 2718 957 2724 .

115 2759 234 2842 Perque
246 2758 464 2840 Prophetarum
481 2780 587 2822 rocem
599 2760 771 2821 notissimus
784 2760 874 2832 orbi,

117 2853 159 2913 Et
170 2875 249 2916 nunc
259 2867 409 2915 errantem
421 2853 584 2914 manifestor
595 2852 628 2912 in
640 2851 745 2913 limine
759 2852 866 2915 mortis

116 2943 255 3028 Ignotum
268 2945 438 3006 Dominum
453 2956 604 3024 quaerunt,
618 2957 783 3026 notumque
796 2944 970 3023 relinquunt
981 2969 1005 3009 :-

117 3043 133 3117 (
147 3039 287 3120 Quorum
296 3038 368 3101 salsa
380 3038 453 3099 fides
463 3081 472 3115 ,
484 3036 572 3100 falsus
581 3034 685 3116 Deus,
698 3038 783 3099 irrita
795 3057 912 3100 merces
923 3080 936 3114 ,
953 3059 955 3062 ·
982 3047 987 3054 '
