2018 3714
65 304 93 345 v.
107 257 179 367 2572
272 292 511 348 uvaucumcm
529 294 615 347 tusa.
633 295 696 349 mu.
714 299 744 348 u.
886 301 942 362 207

66 387 150 448 Tum
161 385 304 448 Servatur
317 388 358 448 ait
371 388 518 450 :Domini
531 391 556 449 si
568 409 692 451 munera
704 409 821 465 nosses,

65 480 108 540 Et
121 480 186 560 quis
200 492 229 540 te
240 480 343 540 sitiens
354 482 483 562 putealia
497 482 604 563 pocula
616 496 735 563 poscat,

65 570 116 633 Tu
127 573 229 654 potius
240 585 374 653 peteres,
385 574 482 634 vivam
492 575 547 636 tibi
561 576 688 636 traderet
701 575 823 635 undam.

65 664 126 726 ltta
138 665 193 726 sub
204 665 286 731 traec:
303 663 413 727 Puteus
422 668 568 750 gremium
582 669 713 728 sinuatur
727 668 757 727 in
769 667 880 743 altum,

66 755 191 820 Urceus
203 772 245 820 est
256 757 376 833 nullus,
394 780 451 822 nee
463 774 529 822 sunt
541 762 595 821 tibi
608 760 726 822 vincula
737 760 824 820 lunis.

69 848 164 912 Unde
174 851 264 935 igitur
272 851 386 933 poteris
398 854 507 913 undam
521 854 594 914 mihi
606 855 722 914 tradere
737 853 856 914 vivam?

63 941 155 1004 Num
163 957 196 1005 tu
208 945 305 1026 major
316 945 375 1006 eris
386 946 479 1005 nostri
492 946 598 1007 virtute
608 945 761 1029 parentis?

67 1034 164 1098 Hunc
170 1035 270 1099 Jacob
281 1037 393 1099 etenim
402 1051 525 1119 puteum
538 1060 605 1101 cum
617 1038 705 1120 prole
716 1038 856 1113 bibebat,

67 1126 112 1188 Et
124 1129 265 1211 proprios
276 1128 335 1192 huc
346 1151 425 1221 saepe
438 1152 539 1214 greges
555 1132 591 1190 ad
605 1129 712 1211 pocula
729 1131 818 1192 duxit.

69 1219 140 1281 Olli
152 1223 305 1303 respondit
316 1216 419 1284 mnndi
432 1236 569 1305 regnator
582 1220 672 1283 Iesus.

68 1312 140 1374 Ex
128 1326 183 1375 usta
192 1314 283 1397 plene
293 1315 390 1376 nullus
402 1314 555 1376 satiabitur
568 1317 662 1391 unda,
762 1334 765 1339 ·

67 1405 153 1466 Nam
164 1427 266 1469 rursus
276 1407 355 1469 sitiet
366 1433 373 1470 ι
384 1409 436 1470 sed
447 1409 540 1469 nostri
555 1411 634 1469 dona
645 1407 769 1488 liquoris

65 1502 220 1575 Ardorem
231 1501 385 1563 excludent
397 1514 508 1562 aeterna
519 1501 550 1561 iu
562 1501 638 1564 secla
648 1499 783 1562 bibendi.

66 1592 180 1671 Dulcia
196 1595 377 1677 provenient
386 1595 481 1655 nostri
494 1596 542 1658 cui
560 1594 668 1676 pocula
679 1593 789 1669 sontis,

66 1683 196 1770 Largior
204 1686 274 1747 inde
285 1685 356 1749 fluet
366 1688 461 1748 vitalis
471 1688 562 1771 gratia
575 1687 689 1749 ductus.

69 1775 133 1839 Sed
144 1778 323 1841 desiderium
336 1789 444 1841 nostroe
458 1781 482 1841 si
495 1793 524 1841 te
537 1776 616 1861 capit
628 1780 746 1853 undae,

65 1869 191 1932 Excltus
201 1872 301 1933 veniat
313 1886 411 1934 tecum
424 1893 494 1932 mox
506 1873 580 1932 urbe
595 1872 725 1932 maritus.

68 1960 221 2047 Conjugio
234 1985 297 2027 sese
311 1965 419 2026 mulier
432 1977 518 2046 negat
531 1986 593 2025 esse
607 1964 780 2024 revinctam.

66 2052 148 2116 Turn
161 2057 206 2118 sic
217 2059 407 2138 prosequitur
420 2057 527 2117 mentis
539 2067 714 2135 perspector
727 2055 809 2114 lesus
824 2077 831 2114 :

67 2148 214 2224 Femina,
230 2149 370 2212 veridicis
382 2149 513 2228 loqueris
527 2149 563 2209 de
577 2149 701 2230 conjuge
714 2145 822 2208 verbis.

70 2239 368 2303 Nam-tucouuubiis
380 2262 457 2303 nexa
470 2262 500 2303 es
511 2244 571 2323 jam
585 2241 716 2321 quinque
728 2240 882 2315 virorum,

70 2331 162 2397 Nunc
175 2335 272 2395 aliena
285 2356 374 2416 super
386 2335 585 2416 thalamorum
597 2333 715 2396 vincula
732 2333 821 2395 tollis.

68 2424 150 2487 Tum
163 2428 288 2488 mulier:
298 2425 440 2490 Sanctum
451 2442 480 2490 te
494 2441 608 2490 certum
620 2441 664 2489 est
677 2448 739 2490 esse
749 2425 943 2510 Prophetam.

69 2518 131 2581 Sed
144 2521 239 2581 nostri
250 2520 332 2582 istius
341 2523 542 2583 venerandum
555 2521 665 2582 montis
678 2520 709 2581 in
723 2540 790 2583 arce

68 2611 261 2693 Praeceptum
272 2615 361 2674 nobis
373 2608 522 2693 quondam
535 2613 649 2695 liquere
662 2626 809 2695 parentes.

67 2704 109 2765 Ar
121 2725 177 2767 vos
190 2705 223 2765 in
237 2702 367 2790 Solymis
380 2708 525 2767 orandum
538 2708 635 2770 dicitis
649 2707 719 2768 oris.

66 2794 155 2858 Talia
168 2799 277 2860 dicenti
290 2800 439 2861 mox-talia
451 2800 548 2861 reddit
561 2801 642 2862 lesus
657 2824 664 2860 r

67 2886 119 2951 Eu
130 2890 370 2974 aderittempus,
385 2893 496 2955 montis
507 2914 575 2956 cum
585 2894 694 2954 vertice
707 2890 814 2968 vestri,

70 2981 226 3044 Omnibus
240 2997 269 3044 et
281 2982 412 3070 Solymis
424 2986 520 3048 aberit
532 2983 682 3051 veneratio
695 2982 793 3065 louge.
850 2988 853 2993 '

71 3071 133 3140 Sed
145 3096 227 3139 nuuc
239 3089 318 3141 certa
330 3077 406 3142 salus
419 3077 441 3139 J
443 3076 634 3160 udreis-surgit
648 3074 685 3138 ab
699 3074 768 3137 oris.
