2018 3714
122 278 185 346 328
416 280 643 343 CARMEN
866 293 891 332 r.
911 272 982 333 1003.

121 390 164 449 At
176 380 276 444 senior
285 381 403 462 prolata
414 379 465 461 pie
477 379 550 439 duur
562 394 688 438 munera
699 375 795 456 viram

123 476 268 541 Mitificus
278 474 389 536 mulcet
399 472 556 536 concordis
568 471 697 554 pignora
709 473 806 549 vatis,

120 572 222 650 Atque
235 567 332 628 libens
345 568 435 627 fratre
447 565 560 646 pariter
572 565 736 626 comitante
749 567 878 628 recurrit
884 612 899 641 ‚.

122 669 163 726 tJt
174 663 238 724 vice
251 678 427 721 sermonum
437 659 548 719 sensim
558 678 614 719 sua
620 671 706 742 gesta:
714 659 873 731 referrent.

125 754 187 816 Sed
201 755 269 833 quia
279 753 442 835 tentigradu
453 752 613 832 serpebant
626 753 743 834 agmine
756 753 846 825 setae,

125 846 266 909 Subsedit
277 859 373 919 vates,
387 845 539 928 gregibus,
552 844 728 925 famulisque
742 849 898 930 regendis,

124 941 280 1020 Parvaque
293 939 436 1000 frondoso
448 939 548 1020 posuit·
558 938 805 1020 mapalia-tecto,

124 1033 262 1097 Nomine
275 1053 339 1112 quae
351 1033 409 1092 fixo
419 1032 530 1113 placuit
542 1026 674 1095 vocitare
683 1031 857 1102 Tabernas,

123 1125 257 1188 Devenit
268 1127 306 1186 ad
318 1123 462 1201 Sicimas‚
475 1147 541 1204 quse
552 1139 620 1186 sunt
631 1127 754 1209 regione
767 1126 930 1193 Chananna
938 1172 955 1207 2

125 1218 278 1285 Mercatus
290 1221 387 1301 pretio
400 1220 530 1281 confinis
539 1221 650 1301 praedia
661 1234 766 1297 terrae,

56 1357 63 1372 .
125 1314 225 1395 Atque
237 1312 342 1377 Deum
350 1315 466 1377 structis
475 1334 642 1396 properans
650 1314 795 1379 altaribus
805 1330 880 1379 urat
931 1373 933 1379 .

488 1446 639 1552 xnxut‘

125 1609 194 1673 Illic
206 1610 373 1692 improbius
385 1607 653 1672 mnamcorreus·
659 1622 791 1673 amatam

126 1701 257 1779 Polluit,
272 1715 301 1763 et
312 1714 421 1763 tenerae
432 1703 604 1784 praecerpsit
614 1703 837 1787 virginisusum
845 1724 860 1784 ,·,

127 1794 336 1878 Coniungique
348 1796 572 1858 voleussoceris
581 1799 749 1879 ,praeputia
766 1801 918 1883 dempsit„

128 1889 264 1953 Grandia
275 1891 353 1949 duna
365 1889 464 1952 ferens
474 1902 557 1971 rapta
567 1911 624 1971 pru
637 1886 762 1975 conjuge
775 1896 857 1970 vati,

128 1985 300 2065 Oppressus
311 1997 373 2044 tota
385 1985 498 2064 pariter
510 2005 577 2045 cum
590 1986 669 2067 pube
680 2001 814 2048 necatur.

127 2078 276 2138 Natorum
290 2079 370 2137 ferro
385 2077 479 2137 doluit
489 2078 552 2139 brec
563 2079 796 2161 gestalacobus,

127 2171 290 2232 infractum
304 2171 396 2235 foedus
407 2171 487 2232 socia
498 2192 566 2232 cum
578 2186 663 2254 geute
676 2171 801 2235 loeutus.

487 2324 632 2386 XXXIV.

125 2451 210 2514 llicet
224 2455 414 2534 omnipotens
426 2455 542 2514 monuit
555 2455 704 2515 discedere
717 2468 815 2518 vatem
824 2500 842 2533 „

126 2543 173 2605 Ac
186 2547 308 2605 domum
320 2548 409 2606 fidam
424 2546 543 2608 Betheli
557 2549 588 2607 in
602 2549 670 2607 sede
680 2547 790 2610 locare.

125 2635 276 2714 Festinat,
290 2653 432 2720 paretque
444 2640 530 2716 Deo,
545 2654 687 2720 natosque
699 2655 854 2722 precatur,

127 2729 174 2792 Ut
186 2733 308 2794 delubra
321 2735 408 2794 deum
421 2737 649 2818 rigidufirmata
660 2736 782 2796 metallo

129 2824 360 2902 (imminuant,
375 2829 520 2907 niveoque
532 2841 611 2910 togas
624 2830 821 2912 subtegmine
833 2841 954 2890 sumant.

125 2913 196 2994 Ipse
211 2921 281 2979 deos
295 2921 391 2982 nullos
403 2920 579 2982 'l'erebinthi
591 2923 746 2983 abscondit
758 2923 790 2982 in
803 2937 906 2999 antro,

125 3007 338 3092 lugentemque
350 3016 429 3075 videt
442 3015 611 3075 Dominum
626 3018 807 3096 depromere
819 3029 902 3080 sueta

125 3099 227 3165 Verba
239 3107 313 3185 sibi,
328 3110 483 3188 vatemque
496 3111 561 3172 sore
574 3130 605 3172 se
616 3109 750 3174 numinis
761 3110 818 3175 alti
