2046 3712
58 243 175 311 2166·
421 259 613 313 ornet.
877 241 939 328 ttp

58 352 155 435 ,nupia
167 370 316 434 perversa
325 362 411 432 putat
422 351 614 414 inclementia
623 353 740 435 gentis‚'

58 440 180 511 Credite
190 465 253 505 nou
265 444 372 528 genitis
384 468 392 505 ε
406 458 541 506 materna
553 447 666 508 clausus
679 447 712 506 in
724 444 818 519 atv03.

58 536 142 627 Quid
153 538 269 613 videat,
282 550 385 600 sancto
396 539 501 600 matris
513 541 601 601 docet
613 559 667 600 ore
679 538 845 599 Johannct.

58 622 135 711 Quis
146 652 257 715 precor
268 632 348 694 hunc
361 633 481 708 docuit,
495 655 585 712 quem
598 645 678 694 casto
692 633 804 694 viscere
819 631 911 714 virgo»

58 722 240 800 (inmineat,
254 739 381 804 quantus
393 739 512 788 mancat
524 747 605 787 nova
615 726 715 788 secula
727 727 858 808 partusi'

57 814 117 881 sot
129 818 239 881 sanctis
250 818 384 879 abstrusa
396 831 516 900 patent,
529 841 587 883 nec
600 821 661 881 visa
673 818 817 900 profanis.

91 915 210 975 ¹Verum
219 931 333 994 egressa
345 914 471 973 modom
485 913 560 973 latos
573 914 650 994 petit
661 912 762 973 orbita
771 930 919 993 campos,

57 1002 155 1087 ‚Atque
166 1005 261 1067 oblita
272 1005 334 1065 mei
347 1026 527 1087 procurrere
540 1005 657 1089 longius
669 1006 767 1067 audet.

57 1094 172 1181 Spero,
195 1100 252 1159 erit
265 1111 297 1157 ιιι
309 1098 423 1178 possim
436 1099 556 1159 firmato
570 1099 681 1159 robore
694 1099 847 1178 quondam

57 1186 129 1254 Hoc
141 1212 262 1272 quoque
272 1211 330 1272 per
341 1192 473 1272 spatium
484 1192 576 1254 sortes
589 1193 699 1275 agitare
712 1191 881 1274 quadrigas.

59 1280 129 1347 Huc
141 1296 273 1365 ooeptum
286 1297 457 1367 repetamus
470 1286 549 1362 iter,
561 1285 701 1346 mortalia
711 1286 791 1348 dicat

60 1374 173 1459 Pagina
184 1376 338 1454 mortalis,
351 1376 524 1439 Dominum
537 1378 818 1458 diriualoquantur.

95 1470 231 1551 Jamque
243 1471 319 1532 adeo
331 1484 432 1535 exacto
444 1483 589 1552 quantum
601 1483 706 1533 natura
719 1471 844 1553 jubebat

60 1558 214 1647 Tempore
224 1608 240 1640 ,.
248 1577 364 1626 matura
376 1586 452 1648 puer
465 1566 593 1650 inclytus
605 1565 702 1627 editur
713 1564 808 1641 alvo}

59 1652 96 1720 Et
108 1659 258 1740 promissa
270 1657 332 1719 Dei
346 1679 526 1743 magnanon
541 1659 654 1722 credita
668 1679 757 1740 poena

58 1744 169 1833 implet
181 1763 267 1814 certa
275 1751 367 1826 fides,
383 1766 412 1812 et
425 1767 510 1815 natus
522 1753 703 1834 comprobat
716 1753 823 1815 infans.

59 1840 254 1909 Conveniunt
266 1848 471 1928 contingentes
484 1847 522 1906 de
535 1845 798 1927 morepropinqui
809 1888 827 1919 ‚.

58 1932 103 1999 Ut
116 1958 213 2019 puero
227 1951 362 2000 veterum
373 1940 411 2001 dc
424 1938 550 2002 nomino
564 1939 651 2001 ducta
663 1951 830 2020 parentum

57 2032 174 2115 Aptent
184 2031 300 2095 collatis
312 2032 432 2112 quaesita
443 2031 588 2094 vocabola
600 2031 694 2093 causis
707 2055 715 2091 ε

57 2122 121 2187 set
133 2138 221 2208 negat
231 2125 390 2187 arbitrium
403 2125 534 2208 cognatis
547 2145 610 2186 esse
623 2123 763 2191 relictum
772 2166 790 2199 p

57 2214 200 2283 Coelestia
210 2218 281 2300 jussi
294 2238 349 2299 per
362 2231 465 2279 natum
477 2218 599 2280 conscia
612 2230 719 2279 mater.

56 2302 141 2393 Er'go
155 2309 253 2390 placet
265 2311 378 2373 dudum
389 2310 617 2390 praeclusavoco
630 2311 776 2371 silentem-

57 2400 260 2467 Consobrisse·
270 2415 386 2483 patrem
400 2426 407 2462 z
421 2403 583 2484 promendi
597 2403 661 2465 sola
674 2402 798 2466 facultas

57 2494 187 2570 hotot,
201 2497 283 2575 qnod
295 2495 397 2577 lingua
406 2497 527 2576 nequit,
543 2496 568 2556 si
584 2496 683 2557 littera
695 2496 804 2579 signat.

60 2586 241 2655 Consulitur
255 2614 263 2650 ι
275 2590 365 2649 sumit
377 2588 514 2665 tabulas,
527 2589 690 2669 scribitque
704 2589 726 2648 J
729 2589 889 2649 ohannem.

60 2678 192 2743 Miranti
206 2683 323 2758 cuncti,
337 2681 512 2761 nullumque
524 2683 662 2743 habuisse
676 2683 814 2763 priorum
908 2744 912 2751 ,

61 2770 280 2856 Praescriptum
293 2796 406 2835 nomeu
420 2775 557 2837 recolunt
570 2776 606 2834 de
621 2775 715 2855 stirpe
729 2785 897 2854 parentum.
997 2822 1001 2831 .

64 2846 223 2947 Quantum
236 2888 301 2928 sera
314 2868 387 2929 fides
400 2868 506 2928 valuit!
523 2867 706 2945 quiadcxtra
719 2864 849 2938 notavit,

66 2958 164 3041 Quod
178 2981 263 3024 meus
275 2962 461 3036 crediderat,
475 2958 589 3040 peccati
604 2977 691 3039 poena
704 2958 827 3020 remissa
838 2968 901 3018 cst.

67 3044 235 3127 ,Solvuntur
247 3055 353 3119 vinctae
370 3052 462 3116 laxata
473 3049 614 3137 repagula
624 3050 732 3135 lingone
744 3074 760 3111 z.
