2018 3714
106 290 162 329 ιη
315 278 460 332 cununn
476 279 578 331 nanu
596 276 765 332 v1cn0n1s
872 289 898 329 v.
908 266 968 343 345.

103 372 207 454 lmpar
217 372 296 433 sulus
308 387 389 447 erat,
404 375 516 434 dudum
529 373 581 452 qui
593 373 727 454 conjugis
739 384 846 452 aptam

103 466 139 525 ln
152 487 184 527 sc
196 468 351 526 materiam
364 467 518 549 gignendae
530 467 647 548 ignams
658 464 797 528 babebat.

145 556 224 641 Engo
235 580 311 638 opus
323 560 488 641 aggreditur
495 572 601 619 notum
611 556 714 631 Deus,
726 559 864 639 jactaque
872 560 970 641 raptim

104 650 207 713 Corda
219 654 294 725 viri,
308 666 389 712 tanto
404 651 537 713 dissolvit
549 651 687 735 languida
697 672 827 729 somno,
862 662 868 677 “

101 743 216 805 Mentis
232 760 261 805 ut
274 746 387 826 experti
401 757 514 806 costam
525 746 702 805 subduceret
715 764 829 821 unam,

102 837 256 900 ludecano
270 839 300 898 dt
313 841 390 920 jussa
402 838 505 917 sequi,
516 854 588 897 nam
601 850 708 918 sponte
718 840 865 899 recedens

102 930 212 1006 Pellis,
227 933 284 992 iter
296 932 420 1013 planum
432 944 520 992 costae
533 930 685 1012 praebebat
696 931 779 992 eunti
786 975 797 1004 ,

100 1025 205 1087 lllzesis
219 1046 356 1105 prorsum
371 1026 533 1098 membris,
545 1036 575 1083 ct
586 1042 715 1105 corpore
728 1042 813 1083 sano.

102 1118 182 1197 Quae
194 1120 291 1179 varios
299 1131 446 1199 nperante
461 1116 534 1177 Deo
547 1118 656 1198 digesta
669 1136 726 1196 per
739 1127 839 1190 anus,

100 1212 228 1295 Accepit
241 1213 389 1286 sormam,
404 1210 565 1288 calidisque
578 1210 708 1269 animata
721 1208 864 1270 medullis

102 1305 198 1369 Versa
210 1308 241 1368 in
254 1326 332 1389 opus
343 1307 410 1366 vine
425 1317 483 1380 cst,
496 1324 566 1365 sexu
576 1306 639 1385 jam
650 1314 732 1385 grata
745 1302 887 1363 fecundo.

102 1398 153 1460 Sic
167 1402 312 1480 permissa
322 1420 376 1459 suo
390 1399 517 1457 formata
528 1409 573 1456 est
585 1395 651 1457 Eva
663 1396 783 1455 marito.

102 1492 174 1555 lluc
186 1514 265 1554 nunc
275 1491 363 1552 turba
373 1491 440 1551 loco
452 1490 642 1549 stolidlssima
655 1490 757 1548 desine
769 1490 896 1549 tandem

103 1584 248 1663 Quaesitis
260 1585 395 1645 animum
406 1585 488 1643 vanis
500 1595 661 1661 torquere,
675 1602 731 1651 nec
743 1582 832 1643 isthic
937 1604 940 1609 ·

103 1678 267 1757 Quaerere,
282 1697 335 1737 cuc
345 1677 477 1736 huminis
492 1676 627 1738 conlecta
638 1688 680 1735 est
693 1675 808 1735 semina
816 1673 973 1746 membris,

102 1768 183 1831 Cum
196 1771 256 1850 jam
270 1789 287 1828 a
299 1770 450 1849 principio
462 1769 549 1828 molli
560 1770 597 1828 de
610 1769 732 1848 pulvere
745 1767 819 1851 fingi

101 1862 222 1935 Posset,
239 1875 268 1922 et
283 1883 316 1922 ex
329 1861 441 1934 nihilo,
456 1879 557 1922 causas
570 1862 676 1921 desiste
690 1858 816 1920 latentes

102 1954 234 2017 Scrutari
249 1981 255 2016 :
270 1975 437 2036 quanquam
452 1955 476 2014 si
488 1956 655 2034 conjectare
667 1953 771 2014 licebit

100 2047 145 2109 Ex
155 2050 277 2109 boudne
291 2049 395 2108 effecta
408 2060 452 2106 est
465 2046 591 2120 mulier,
607 2045 744 2127 cognatio
757 2046 898 2123 quaedam

99 2140 240 2203 Mutuum
255 2155 283 2201 et
296 2141 444 2201 alternum
458 2141 537 2198 inter
548 2159 579 2198 se
592 2150 625 2198 ut
639 2139 777 2198 misceret
790 2158 945 2212 amorem,

101 2233 204 2295 Seuiet
215 2236 245 2293 in
258 2234 377 2293 alternis
390 2253 497 2315 cogens
507 2250 665 2313 agnoscere
677 2229 833 2292 membris.

101 2324 184 2387 Hinc
202 2326 294 2385 Evam
310 2339 425 2405 partem
440 2346 501 2386 esse
511 2325 575 2400 sui,
590 2344 659 2383 mox
671 2324 808 2404 protinus
822 2324 943 2399 Adam,

100 2415 200 2478 Sensit
211 2431 243 2477 ut
256 2419 415 2492 exsultans,
428 2419 523 2501 tetigit
534 2437 611 2477 nova
624 2418 717 2498 gratia
728 2429 885 2493 mentem,

97 2508 213 2570 Mentis
227 2523 256 2570 et
268 2512 389 2572 allectus
403 2512 433 2571 in
448 2512 559 2572 viscera
572 2524 643 2569 nota
656 2522 793 2589 receptus

97 2602 208 2678 lenuit,
224 2617 253 2664 et
265 2618 345 2664 tanto
358 2605 523 2684 penetravit
536 2605 567 2663 in
580 2623 644 2663 ossa
656 2602 775 2663 calore:

98 2693 143 2754 Ut
157 2698 216 2777 jam
228 2700 302 2758 scire
317 2700 415 2770 daret,
430 2699 501 2775 quid
515 2698 642 2778 conjunx
655 2707 729 2756 esset
739 2707 794 2769 ,et
808 2715 901 2770 uxor,

100 2788 183 2867 Quid
195 2791 294 2851 dulces
304 2792 383 2864 nuti,
396 2791 656 2871 postponendiquc
669 2799 809 2867 parentes

101 2879 301 2964 Cnnjugibus,
317 2885 458 2962 quidnam
472 2904 529 2943 una
543 2883 648 2942 ambos
661 2882 692 2940 in
706 2901 795 2941 came
809 2899 950 2953 manere,

98 2969 261 3035 Adtemam
273 2978 383 3055 pariter
395 2979 485 3037 vitam
500 2973 673 3037 ducentibus
685 2986 768 3034 esset.

140 3064 238 3135 Purra
251 3072 323 3133 dum
335 3072 439 3133 mundi
452 3071 530 3133 vitiis
540 3083 569 3132 et
579 3069 645 3134 labe
657 3067 796 3131 carebant
