2018 3714
11 310 42 358 v:
56 297 131 382 735.
213 309 463 364 ‘urtuuuucru
480 311 569 363 rrrsr.
586 310 650 361 un.
672 312 718 363 rv.
842 320 901 382 279

13 404 81 468 Sed
93 405 245 489 petimus,
259 415 357 467 custos
369 405 457 466 miles
469 427 547 467 nova
558 407 663 467 funera
673 400 768 470 servet
777 398 789 484 ‚'
846 398 849 404 ’

14 497 146 560 Nefera
157 498 311 580 discipulis
320 499 440 560 'furandi
453 499 575 560 audacia
585 496 695 582 oorpus
799 518 803 533 ¹
886 487 888 493 ¹

18 587 207 673 Consurgat‚
221 591 378 672 turbetque
391 613 494 654 reeens
506 593 621 677 insanit
634 590 765 674 piebem.

17 679 59 742 Et
73 682 189 745 Pilutus
202 684 240 743 tid
251 683 333 745 haee:
350 683 441 745 Miles
452 686 652 767 permittitur,
665 687 762 767 inquit
776 712 782 746 ε

19 776 165 852 Servate,
179 789 212 837 ut
224 776 329 850 vultis,
344 797 452 858 corpus
465 779 570 839 tellure
583 778 743 859 sepultum.

22 867 233 946 Conveniunt,
244 869 364 950 saxique
379 871 509 954 ingentia
518 873 655 953 pondera
667 873 806 950 volvunt,
847 864 850 869 ’

20 958 57 1025 Et
69 965 167 1024 limen
180 963 290 1046 signis,
304 976 445 1024 eteorum
459 964 555 1025 milite
566 977 693 1027 servant.

60 1055 170 1128 Sidere
178 1057 241 1138 jem
253 1056 351 1118 noetis
359 1068 486 1118 venturo
499 1058 606 1119 cedere
619 1057 678 1118 soli

21 1145 191 1232 incipiunt,
205 1148 318 1210 tumuli
326 1162 436 1210 matres
448 1149 622 1211 tumuisere
632 1162 751 1232 septurn
812 1142 814 1147 ’

22 1239 217 1305 Concurrunt
229 1265 237 1303 ε
252 1243 418 1304 motus'sed
430 1255 542 1303 terram
555 1244 694 1325 protinus
706 1257 829 1305 omnem

18 1332 184 1413 Concutit,
198 1348 228 1397 et
241 1334 429 1418 eoelo·lapsus
441 1336 594 1398 deseendit
606 1349 711 1417 aperto

14 1425 157 1490 Nuntius
168 1473 179 1505 ,
192 1442 222 1490 et
232 1449 333 1490 saxum
344 1429 452 1490 tumuli
465 1430 502 1490 de
516 1429 620 1490 limine
634 1430 725 1491 volvit
739 1453 746 1490 :

16 1522 111 1583 lilius
123 1534 154 1583 et
164 1522 255 1585 ieeies
266 1521 418 1605 splendet,
433 1543 487 1584 eeu
499 1521 623 1604 fulguris
635 1524 727 1606 ignis,
804 1536 807 1541 ’

18 1614 65 1674 Et
77 1616 155 1676 nivis
167 1617 203 1676 ad
216 1617 349 1697 speciem
363 1617 464 1678 lucent
475 1615 624 1678 velamina
636 1619 733 1679 vestis.

23 1705 177 1769 Militibus
188 1721 288 1771 terror
300 1730 420 1772 sensum
433 1709 604 1772 discluserat
618 1729 758 1784 omnem,

21 1801 66 1862 Et
77 1803 196 1883 jacuere
206 1802 314 1879 simul,
330 1824 384 1864 eeu
393 1803 461 1864 'fusa
471 1804 616 1864 cadavera
628 1802 718 1864 letho.
780 1820 783 1826 ·

20 1894 81 1957 tlte
94 1897 148 1957 sed
159 1897 196 1957 ad
208 1895 316 1957 matres
327 1896 379 1955 tali
390 1916 458 1956 curn
469 1915 542 1957 voce
555 1895 714 1977 profatur:

21 1987 136 2050 Vestra
145 2009 239 2071 pavor
252 1989 350 2049 nullus
362 1988 496 2068 quatieris
508 2008 587 2049 nune
600 1988 691 2049 corda
702 1984 823 2070 fatiget,

24 2080 111 2142 Nam
125 2083 280 2143 manifesta
292 2083 382 2157 tides,
397 2091 531 2143 sanctum
543 2100 596 2141 vos
608 2100 740 2159 quaerere
755 2090 863 2160 corpus
875 2122 885 2155 ‚

32 2173 128 2254 Quod
141 2176 237 2238 erneis
250 2177 281 2236 in
292 2177 372 2259 ligno
383 2174 525 2236 scelerata
537 2174 652 2246 insania
664 2170 734 2230 fixit.

31 2265 164 2329 Surrexit
178 2265 335 2344 Christus,
349 2282 517 2348 aetemaque
533 2267 646 2326 lumina
658 2266 724 2327 ritae

30 2357 172 2441 Corpore
184 2382 254 2440 euru
264 2376 366 2424 sancto
378 2406 387 2438 ,
401 2363 517 2424 devicta
528 2373 625 2421 morte
638 2404 647 2435 ‚
662 2360 785 2440 recepit.

26 2451 137 2514 Visere
150 2456 212 2534 jum
225 2455 310 2516 vobis
323 2453 439 2517 licitum
452 2467 513 2530 est,
528 2455 608 2534 quod
619 2455 688 2515 sede
702 2452 831 2535 sepulcri
853 2472 854 2476 ¹

28 2544 125 2607 Nulla
136 2546 223 2609 isthic
230 2550 346 2630 jaeeent
354 2591 363 2622 ‚
371 2544 494 2608 'suerunt
506 2570 570 2628 quae
582 2549 700 2609 condite
714 2546 860 2607 membru.

29 2637 134 2700 Dicite
148 2652 293 2721 praeterea
304 2640 413 2717 celeri,
426 2639 617 2722 properoque
630 2660 749 2703 recursu
802 2634 806 2641 ’

29 2728 199 2814 Discipuiis
209 2776 219 2807 ,
228 2730 390 2797 ¹Christum
403 2754 549 2795 remeasse
565 2735 596 2794 in
607 2735 730 2794 luminis
743 2752 841 2807 orus‚·

29 2827 130 2909 Inque
144 2827 304 2891 Gulilaeatu
317 2831 416 2892 laeturn
428 2832 596 2912 praeeedere
609 2834 728 2889 terram.
811 2856 816 2875 ι

31 2914 211 2998 Hisdictis,
224 2923 353 3002 visisque
367 2925 483 2985 animos
497 2923 668 3003 perfuderat
681 2921 787 2979 ardens
829 2940 835 2953 ²

32 3013 151 3093 Laetitia
164 3017 297 3078 attonitis
310 3030 415 3098 stupor
423 3021 437 3092 ,'
454 3014 635 3095 ancipitique
648 3033 768 3094 pavore.

31 3104 176 3190 Denique
187 3109 337 3193 praecipiti
349 3110 511 3173 celerantes
522 3108 628 3192 gaudia
640 3126 727 3170 cursu
