2018 3714
10 282 137 379 studii.
333 295 588 351 GENESIS.
836 304 891 367 ²9¹

10 389 175 455 Grunnius
188 387 366 465 detondent,
379 388 466 451 cebis
477 390 549 450 dum
562 387 688 453 collibus
704 400 812 451 errant.

13 480 191 568 Serpentes
200 502 256 544 nex
267 501 327 543 uus
338 495 473 562 premat,
487 483 695 564 volucresque,
709 485 860 566 sertisque,
954 544 956 548 Α

15 577 68 640 lJt
80 598 151 639 mea
161 574 266 639 deletis
277 575 411 637 mitescat
422 575 574 642 fraudibus
587 577 639 639 ira.

16 670 144 752 Accipit
156 688 227 752 ergo
239 666 305 729 Dei·
313 669 451 730 mandata
463 669 591 752 ingentia
603 668 636 731 N
639 691 691 747 oe,

16 762 204 846 Duptteibus
216 761 343 825 carueris
354 781 453 824 arcem
467 782 666 845 compungere
680 765 792 845 jussus,

20 857 105 939 Quae
116 868 213 921 teneat
224 854 528 921 voluerummausure
540 856 576 916 ad
589 856 724 938 germina
737 857 833 920 nidos.

20 952 67 1016 Ac
78 973 118 1013 ue
131 948 270 1013 fissilibus
280 948 434 1011 dissultent
446 948 556 1011 robora
569 949 671 1026 rimis,

22 1043 166 1129 Unguine
176 1040 344 1126 praepiugui
356 1040 443 1103 liuuit
455 1041 610 1103 bituminis
622 1062 732 1107 arcam.

22 1137 94 1220 lpsn
104 1137 160 1199 tuis
168 1136 272 1219 plenas
281 1146 328 1197 ter
340 1146 461 1198 centurn
472 1133 560 1217 longa
572 1155 628 1216 per
640 1135 741 1211 ulnas,

26 1230 249 1314 Quinquaginta
260 1241 364 1310 patens
373 1240 568 1291 transversam
582 1228 639 1291 lata
650 1251 705 1312 per
716 1231 824 1294 airum.

23 1324 63 1386 At
76 1344 135 1405 qua
146 1316 268 1385 sublimi
281 1335 401 1407 surgunt
414 1320 527 1405 fastigia
539 1334 636 1399 tecto,

20 1413 112 1480 Edita
124 1429 171 1501 ter
183 1416 267 1479 denis
278 1416 310 1477 iu
323 1416 430 1478 coelum
442 1414 557 1477 tollitur
569 1417 665 1494 uluis,
738 1486 742 1491 ,

18 1510 132 1573 Ansere
142 1510 284 1591 quadrato
297 1506 387 1571 nullis
397 1521 522 1571 censura
537 1507 673 1586 fluentis,

19 1603 73 1666 Au
86 1602 219 1667 medium
228 1612 344 1687 gestans
355 1601 435 1665 sacili
448 1623 516 1666 cum
529 1605 650 1667 'cardine
662 1617 771 1686 postes.

420 1746 496 1810 vlt.

20 1880 103 1949 Haec
114 1880 247 1975 perfecta
257 1880 344 1945 Deus
352 1894 512 1964 postquem
522 1884 653 1965 despexit
664 1886 702 1945 ab
714 1884 814 1965 astris,

17 1978 149 2054 'salibus
158 1978 264 2038 affatur
273 1975 450 2037 mittendum
463 1975 495 2035 in
506 1996 624 2055 aequora
637 1990 735 2038 veteru
749 2001 758 2038 r

22 2073 142 2139 Scande
155 2072 245 2147 citus,
260 2071 380 2150 natique
393 2071 454 2145 tui,
469 2081 605 2148 nataeque
619 2067 760 2147 fluentem

20 2168 181 2233 Fluctibus
193 2166 225 2226 in
236 2164 358 2226 tumidis
369 2163 529 2248 cymbam,
543 2163 612 2241 quis
624 2177 747 2244 pectora
759 2166 819 2228 vidi

20 2260 110 2323 Jusra
124 2259 195 2334 tibi,
208 2254 378 2338 dudumque
391 2256 465 2317 mibi
477 2268 526 2316 tua
538 2268 611 2316 uota
620 2256 756 2333 voluutas
869 2308 873 2315 ,

20 2354 164 2418 Emeruit
176 2354 290 2436 majore
303 2350 512 2432 praesentibus3
526 2362 613 2429 atque
625 2364 740 2415 coactas
764 2357 765 2361 ’

22 2447 142 2511 Claude
152 2445 241 2506 simul
253 2444 381 2525 pecudes
392 2442 476 2503 omui
491 2443 528 2503 de
539 2442 672 2526 germine
684 2445 787 2523 mites,
834 2491 836 2497 -

22 2538 165 2621 Septenis
174 2537 294 2619 paribus
306 2581 316 2614 ,
328 2537 485 2597 immundo
502 2537 539 2598 de
551 2558 636 2620 grege
649 2539 721 2599 bina

24 2631 99 2693 Esse
110 2631 318 2707 sinentem,
332 2648 489 2709 escamque
500 2628 548 2690 bis
560 2631 700 2692 omnibus
713 2631 822 2709 infers,

20 2722 123 2804 Atque
135 2723 191 2785 tibi
201 2736 331 2800 suetam,
344 2740 384 2783 ue
397 2741 465 2784 cum
478 2742 535 2802 per
548 2735 626 2785 vasta
638 2721 748 2806 fluente

24 2814 130 2879 Cultio
142 2815 302 2891 destiterit,
315 2813 428 2897 pariter
439 2815 552 2894 patiare
564 2813 705 2887 moleste,

21 2908 157 2971 Provisis
168 2929 231 2969 non
243 2921 311 2969 ante
323 2907 402 2991 cibis!
407 2926 463 2987 per
473 2906 575 2991 glauce
588 2906 728 2967 vehendis
806 2909 809 2914 '

23 3000 108 3064 salsa
119 3001 249 3077 samem,
260 3020 331 3063 mm
343 2999 423 3062 clara
434 2999 508 3080 polo
521 3019 590 3061 cum
603 2997 718 3059 lumina
730 2996 800 3061 solis

22 3093 160 3182 Septima
171 3093 356 3177 prodierint,
368 3103 448 3154 tutus
458 3090 625 3171 diffundere
637 3090 759 3172 nimbos
