2018 3714
10 336 21 354 .
43 288 125 365 ³t5·
206 300 449 356 suessonicis
466 304 555 358 uisu.
572 301 635 359 tro.
653 306 698 360 ru.
826 295 886 378 ²39

12 416 37 455 n
47 391 165 472 terreis,
179 392 352 476 Christique
364 395 474 458 dehinc
485 415 663 480 consurgere
676 397 783 461 lucem.

10 485 146 550 Zhristus
157 489 195 548 erl
206 488 271 550 hoec
282 511 291 549 r
304 488 417 550 Veniet
428 503 511 552 certo
525 490 580 551 sub
592 503 732 573 ternpore
744 495 835 576 justus

10 580 110 657 Elias,
122 582 253 645 reddens
264 601 335 644 mox
345 583 449 644 omnia
460 583 560 645 debite
571 584 664 646 seclo.

10 673 70 735 seu
80 675 108 735 si
119 675 184 755 quis
197 675 309 752 credit,
323 678 385 758 jam
393 688 515 739 venerat
525 690 594 737 ante
605 693 779 756 renascens,

9 768 151 850 lgnotum
162 767 252 851 veluti
264 768 361 830 rabies
372 791 463 850 quem
475 790 552 833 coeca
565 770 679 831 suroris

10 861 169 923 Demersit
180 861 261 924 letho
272 885 280 933 ;
292 883 363 923 mox
375 863 483 926 saevior
492 862 587 924 altera
598 865 692 926 coedes

10 953 58 1016 En
71 954 206 1017 hominis
215 968 287 1016 neto
300 957 432 1018 trucibus
445 955 602 1017 laniatibus
614 956 719 1017 instat.'
867 1032 874 1045 ι

53 1048 195 1124 Haeccit,
208 1050 391 1131 etpopulum
399 1050 526 1131 repetit,
539 1063 735 1130 montemque
742 1050 892 1134 relinquit.

11 1139 96 1203 Ecce
105 1141 158 1202 sed
166 1139 281 1204 inflexis
289 1143 431 1223 ¹genibus,
448 1141 578 1222 fletuque
591 1143 705 1205 solutus

14 1232 76 1295 Vir
84 1234 200 1303 senior,
215 1235 356 1316 precibus
370 1234 524 1298 Christum
538 1249 694 1298 veneratus
708 1238 831 1297 adorate

15 1329 142 1390 Doridis
151 1326 292 1403 soboles,
310 1327 469 1388 hominum
481 1329 662 1407 lumenque,
676 1329 832 1409 salusque,

13 1419 60 1485 'l'e
73 1441 203 1504 precor,
212 1420 391 1481 horribilem
405 1422 467 1481 nati
480 1423 517 1482 de
529 1441 660 1503 corpore
672 1423 815 1485 morbum

13 1512 203 1590 Proturlres,
215 1515 380 1594 reddesque
390 1515 455 1575 seni
468 1514 574 1576 solatia
586 1514 664 1577 vitto.

14 1607 104 1670 Nam
113 1628 216 1671 cursus
225 1607 303 1669 lunse
317 1619 419 1668 natum
432 1607 506 1667 mihi
520 1607 666 1669 eleemonis
679 1619 742 1668 erte

14 1706 171 1786 Torquet,
184 1705 257 1767 etin
270 1703 397 1783 liquidas
409 1704 557 1785 dejectum
569 1701 691 1784 projicit
703 1701 815 1778 undas,

14 1799 83 1862 Aut
97 1797 241 1863 miserum
252 1797 355 1858 medio
370 1798 538 1878 projectum
550 1796 644 1857 volvit
657 1796 688 1855 in
701 1795 773 1876 igni.

11 1893 103 1955 Nam
115 1905 168 1954 tue
180 1889 320 1973 discipuli
333 1901 477 1951 sectantes
487 1891 581 1970 jussa,
595 1888 768 1966 frequenter

14 1986 174 2060 connixi,
193 1983 275 2045 nulls
288 1981 463 2043 insolidum
476 1981 553 2042 mihi
572 1979 819 2041 rlonatlederuut.

11 2079 103 2142 Tuus
115 2075 271 2152 Christus,
284 2095 393 2158 magno
405 2085 575 2137 commotus
586 2073 678 2134 corda
691 2069 816 2145 totore3

16 2171 56 2234 0
70 2191 141 2256 gens
152 2170 262 2233 nullius
272 2170 360 2246 fidei,
375 2189 447 2251 gens
459 2166 553 2229 effera
565 2184 706 2245 semper,

19 2263 76 2326 En
89 2262 178 2326 aiem
188 2263 286 2345 potior
296 2307 306 2339 ,
332 2262 488 2325 vobiscum
498 2277 549 2320 me
562 2258 629 2319 sore
642 2255 751 2318 terris?

20 2356 78 2421 sic
90 2358 148 2434 ait,
161 2370 190 2419 et
198 2378 328 2440 puerum
339 2356 461 2416 mandat
473 2352 609 2435 perferre
624 2349 741 2431 parenti
840 2393 842 2397 >

18 2453 103 2515 Ante
111 2471 180 2512 suos
190 2451 295 2514 voltus.
308 2449 390 2511 Tum
403 2448 484 2511 vocis
504 2446 640 2528 pondero
652 2441 750 2503 multo'

19 2544 183 2620 Incubuit,
200 2545 368 2624 mentisque
380 2540 471 2603 simul
482 2536 626 2603 convulso
637 2553 752 2599 veneno

21 2636 184 2700 Daenronis
195 2636 358 2712 horrendi,
373 2645 498 2717 purgato
512 2632 620 2704 corde,
635 2627 755 2711 fugarit.

22 2729 179 2813 Discipuli
191 2730 335 2814 rogitent,
348 2749 401 2791 our
413 2747 476 2788 non
488 2721 661 2787 successerit
672 2719 733 2780 illis

25 2823 172 2908 Ejusdem
181 2823 269 2906 pueri
280 2822 368 2883 toties
379 2832 489 2882 tentata
500 2812 631 2878 medela.

27 2916 200 3000 Respondit
212 2915 365 2978 Dominus
377 2937 385 2974 z
400 2912 495 2975 liabst
507 2909 578 2991 quia
589 2915 712 2988 pectore
725 2909 826 2965 vestro

30 3009 182 3074 Instabilis
195 3009 266 3071 fidei
279 3020 385 3069 nutans
397 3026 453 3089 per
465 3001 581 3065 lubrica
592 3012 717 3082 gressus.
834 3059 838 3062 ,

32 3101 116 3171 Nem
126 3104 154 3169 si
165 3114 248 3170 certe
258 3101 336 3165 foret
352 3097 495 3165 credendi
507 3090 609 3178 portio
618 3085 724 3163 vobis,
