2046 3712
95 272 155 333 232
381 282 409 333 c.
426 282 459 332 v.
477 284 508 333 s.
525 278 677 335 Juveucr
856 280 881 337 v:
891 274 935 378 ἡ

93 375 151 436 llle
163 377 217 437 sub
230 377 292 437 baec
304 375 381 436 latur
393 398 400 434 ε
417 373 514 457 Magis
526 375 584 436 boe
595 388 639 437 est
650 396 785 455 quaerere
796 378 935 467 ὤμω,

95 468 283 552 Transgressi
296 480 444 551 praecepta
456 467 519 527 Dei
532 470 613 546 quod
631 468 761 548 proditis
774 488 887 541 omnes.

93 561 235 641 Namque
251 560 336 622 Deus
345 573 476 620 niortem
490 562 581 620 defixa
594 561 658 643 lege
671 561 828 641 minatur,

94 655 128 716 Si
140 657 257 737 genitor
270 656 407 733 cuiqnam
420 655 514 715 verbo
527 654 650 715 laedatur
662 664 787 731 amaro,

96 748 154 809 Vel
166 750 290 833 genitrix
302 749 364 808 nati
377 748 475 809 verbis
488 747 621 829 pulsetur
632 748 758 809 acerbis.

91 842 182 903 Irrita
194 864 247 904 vos
260 844 359 904 isthaec
371 842 467 903 facitis
478 858 617 922 perversa
629 840 776 902 docendo.

93 934 198 1014 Quam
210 936 365 997 manifesta
377 936 476 1017 rigent
489 935 526 994 de
539 933 624 993 robis
635 934 714 995 dieta
728 930 899 1015 Propheta!

91 1026 148 1089 Me
160 1029 290 1111 populus
301 1030 425 1089 summis
438 1027 525 1087 labiis
537 1026 677 1087 sublimat
686 1026 826 1101 bonore,

91 1122 155 1183 Sed
168 1124 282 1183 diversa
294 1120 399 1201 procul
412 1120 510 1180 cordis
522 1132 633 1179 secreta
648 1130 819 1198 pererrant.
915 1124 918 1129 '

90 1215 228 1295 Accipite
242 1234 312 1295 ergo
324 1232 446 1287 omnes,
461 1232 603 1291 auresque
618 1206 762 1271 adr'ertite
775 1210 891 1273 eordist

90 1305 166 1367 Non
181 1306 261 1367 illata
274 1307 409 1381 bomini,
423 1305 532 1365 fuerint
545 1322 747 1382 quaecunque,
761 1302 917 1383 pudendis¹

91 1398 239 1460 Sordibus
251 1411 422 1480 aspergent,
437 1398 557 1470 vitaeve,
570 1396 709 1457 animove
720 1396 886 1457 sedebunt:

62 1564 68 1569 ¹
89 1491 265 1572 Erumpunt
277 1491 434 1551 bominum
446 1491 497 1550 sed
507 1510 572 1570 quae
584 1488 790 1570 penetralibus
802 1490 881 1567 orie,

88 1584 244 1645 lnternam
254 1584 363 1644 misere
377 1582 566 1643 maculabunt
579 1580 657 1642 edita
668 1594 819 1642 mentem.

87 1676 241 1756 Discipuli
257 1673 378 1738 Christo
391 1687 578 1751 memorant,
592 1675 675 1754 qnod
685 1674 779 1736 verba
794 1672 934 1757 loquente

90 1768 220 1831 Occulto
235 1783 357 1850 carpant
371 1770 544 1830 Scribarum
556 1779 678 1848 pectora
690 1766 769 1828 nisus

85 1862 145 1922 llle
159 1864 264 1924 debinc
279 1888 286 1922 :
311 1863 441 1923 Genitor
457 1864 625 1942 plantarum
638 1860 754 1920 semina
768 1874 886 1937 noster,

89 1955 169 2034 Quae
181 1976 243 2016 non
257 1958 320 2036 ipse
332 1958 376 2015 sui
390 1956 520 2016 consevit
533 1955 562 2013 in
577 1974 694 2032 aequore
714 1956 815 2030 ruris,

85 2048 219 2129 'Abjiciet
230 2050 349 2130 penitus
364 2049 511 2107 radicibus
524 2059 605 2106 eruta
619 2046 715 2127 longe.

90 2140 194 2203 Caecus
207 2143 283 2202 sorte
298 2144 404 2203 ducem
417 2162 528 2202 sucum
546 2141 569 2199 si
584 2152 685 2200 nactus
699 2140 845 2215 oberret,

86 2232 217 2296 Decidet
229 2235 260 2293 in
272 2236 390 2296 foveam
403 2234 515 2314 pariter
530 2235 682 2291 demersus
693 2243 831 2309 uterque.

88 2325 177 2387 Tunc
191 2328 265 2406 petit
278 2329 390 2387 absolvi
405 2325 531 2399 Petrus,
546 2326 615 2403 quid
629 2326 751 2400 queastio
765 2325 877 2400 vellet,

86 2419 157 2498 lpse
172 2418 328 2479 Pharisaeis
343 2440 432 2497 quam
444 2440 528 2492 mox,
544 2417 715 2494 scribisque
728 2418 868 2478 dedisset.

86 2511 168 2573 'l'um
179 2527 259 2573 sator
273 2526 388 2573 aeternae
400 2512 554 2591 respoudit
569 2511 636 2569 talia
648 2512 714 2571 vitce
729 2534 736 2569 ε

85 2603 155 2664 Vos
166 2606 256 2666 etiam
269 2608 344 2664 duro
358 2606 521 2665 discluditis
534 2605 636 2663 omniu
650 2604 741 2663 corde

85 2698 108 2759 J
112 2719 194 2774 ussa,
209 2722 264 2760 nec
274 2699 402 2757 admittit
413 2698 523 2757 mentis
535 2698 677 2757 dubitatio
693 2697 815 2759 lucem?

84 2792 168 2852 Nam
184 2812 362 2871 quaecunque
374 2792 531 2850 hominum
545 2791 666 2851 veniunt
678 2790 860 2852 extrinsecus
873 2788 930 2861 ori,

85 2883 123 2942 ln
138 2898 271 2945 ventrem
286 2887 409 2959 cedunt,
425 2884 584 2961 animoque
598 2884 746 2964 incognita
761 2896 893 2944 currunt.

87 2974 166 3053 Quae
177 2998 248 3039 vero
262 2979 379 3037 interno
394 2989 538 3055 concepta
552 2998 568 3036 e
582 2989 702 3056 pectore
716 2988 864 3055 promunt

87 3065 154 3137 Ora
167 3070 342 3151 bominum,
357 3083 490 3133 mentem
503 3081 625 3150 possunt
638 3069 794 3151 aspergine
808 3068 884 3129 labis
