2046 3712
106 310 123 350 s
374 297 687 378 ,astruuntur
764 342 766 348 .
886 314 914 354 v.

104 390 246 472 Corpore
261 387 290 448 in
300 387 419 449 alterius
431 400 502 449 tunc
515 389 611 449 carnis
623 389 728 452 vulnus
742 411 862 471 amare,

103 483 252 545 Ardentes
265 482 375 555 etiam,
389 480 484 542 calida
497 480 654 543 dulcedine
669 498 790 565 captos,

103 575 233 637 Foedera
243 587 355 636 naturae
366 574 588 646 transcendere,
604 586 734 655 corpora
749 580 862 640 munda

105 668 275 752 Complexo
288 667 410 728 infando
423 688 523 727 sexum
537 667 687 728 maculare
701 669 818 732 virilem
830 695 838 745 ;

102 761 267 824 Femineos
280 780 347 821 usus
357 759 435 842 vulgi
448 759 619 820 contamine
632 762 740 822 mixtos

101 853 245 924 lllicitos3
261 865 415 932 castosque
427 852 526 928 sinus‚'
538 853 699 935 generique
712 855 841 929 dicatos,

101 947 139 1009 ln
154 946 267 1010 coitum
279 945 451 1007 obscoenum
466 964 522 1025 pro
535 944 601 1004 luxu
614 946 704 1006 suasit
715 947 829 1009 haberi.

99 1039 206 1116 Talia,
225 1038 376 1120 praeterito
390 1051 532 1120 grassatus
544 1050 682 1119 tempore
692 1040 802 1122 ,·gessit

99 1131 163 1195 Per
176 1133 303 1193 latebras
314 1131 439 1205 animae,
452 1129 532 1212 sepis
545 1144 684 1191 manante
698 1152 825 1192 veneno.

98 1224 174 1287 Non
187 1225 256 1305 quia
269 1223 425 1304 culparent
434 1222 587 1295 homines,
607 1242 677 1282 nam
688 1237 795 1304 sponte
808 1227 919 1303 secuti,

97 1317 156 1380 llle
170 1318 241 1379 dolo
255 1317 359 1389 suasit,
371 1316 463 1375 homo
478 1313 618 1380 libertate,
627 1337 699 1395 pere
721 1317 764 1377 it..

141 1411 218 1472 llaec
228 1411 300 1469 dum
313 1406 455 1468 continuo
467 1426 523 1487 per
534 1406 631 1467 secula
645 1338 775 1487 perlrdus
787 1409 884 1486 halat,

98 1502 329 1579 Consiliumque
341 1518 427 1560 suum
440 1498 566 1559 seductis
580 1500 720 1560 cordibus
733 1500 842 1572 insert;

98 1595 250 1677 sperans,
262 1593 337 1653 heu!
355 1589 532 1669 scelerisque
545 1592 643 1666 viam,
661 1612 692 1651 se
707 1593 811 1654 stultus
828 1595 932 1658 habere

96 1687 219 1771 lqnarus
231 1682 325 1766 qualis
339 1695 457 1754 maneat
468 1684 613 1742 sententia
627 1683 705 1757 sacti.

94 1779 199 1840 Turba
211 1776 434 1859 Prophetarum
445 1775 529 1836 tectis
542 1775 686 1856 sapientia
700 1776 800 1836 verbis

97 1861 213 1954 Spiritu
227 1859 322 1951 deque
338 1867 399 1928 Dei
411 1887 538 1950 praesaga
552 1889 625 1929 voce
639 1866 814 1946 loquentum

96 1963 221 2026 Publice
235 1982 295 2025 oon
308 1960 420 2024 audens
430 1958 599 2022 Dominum
613 1958 793 2022 maledicere
804 1965 907 2041 nude,

94 2055 219 2118 Secreto
231 2053 352 2137 ingenio
365 2072 487 2133 sperans
500 2073 531 2113 se
543 2072 630 2133 posse
644 2052 753 2124 latere;

92 2147 231 2210 Tandem
245 2146 292 2206 lux
305 2146 413 2206 animae
426 2145 522 2206 earnis
535 2145 650 2227 captiva
662 2158 799 2223 tenetur,
851 2214 852 2218 Ἰ

92 2241 332 2321 Desperatorum
343 2249 434 2299 certat
445 2257 512 2318 spes
525 2236 634 2297 sortior
645 2238 738 2299 hoste.

91 2333 162 2417 lpse
180 2332 339 2415 figurator,
353 2330 662 2409 renovatorcorporis
676 2330 756 2411 ipse,

89 2425 202 2489 -Gloria
215 2443 284 2485 vera
295 2422 403 2502 patris,
417 2418 480 2481 Dei
493 2419 589 2496 filius,
609 2423 712 2484 unicus
725 2436 847 2502 auctor,

89 2519 189 2579 Juden
200 2528 229 2576 et
242 2513 394 2574 Dominus
407 2508 568 2589 renitqrex
577 2513 704 2598 inclytus
717 2516 819 2593 orbis,

91 2607 255 2693 Oppressis
267 2605 386 2666 veniam
398 2606 467 2666 dare
481 2619 656 2689 promptus,
671 2609 786 2672 solvere
799 2611 931 2690 vinctos,

90 2703 186 2785 Cujus
198 2698 336 2761 amicitiae
348 2698 473 2774 auxilio,
487 2701 631 2779 patientia
642 2722 738 2781 poente
747 2745 766 2777 ‚-

89 2796 130 2858 Et
142 2795 226 2855 Deus
240 2804 270 2852 et
281 2800 438 2851 renovatus
448 2791 541 2851 homo
554 2793 694 2854 miscetur
710 2794 740 2853 in
753 2815 856 2856 unum.

86 2888 184 2971 Virgo
196 2896 295 2946 sancta
309 2884 405 2964 parit,
423 2883 518 2964 patuit
529 2905 606 2945 nova
619 2887 707 2967 janua
718 2887 784 2948 vitae
796 2910 804 2958 3

86 2981 179 3043 Dicta
195 2977 415 3058 Prophetarum
427 2974 645 3059 sactisimpleta
663 2979 845 3061 probantur;

86 3073 218 3155 Templa
229 3071 396 3140 sacerdotes
410 3068 563 3150 linquunt;
577 3069 669 3132 stellae
679 3093 798 3154 quoque
812 3074 903 3137 ductu
