<?xml version="1.0" encoding="UTF-8"?>
<!DOCTYPE html PUBLIC "-//W3C//DTD XHTML 1.0 Transitional//EN"
    "http://www.w3.org/TR/xhtml1/DTD/xhtml1-transitional.dtd">
<html xmlns="http://www.w3.org/1999/xhtml" xml:lang="en" lang="en">
 <head>
  <title>
</title>
<meta http-equiv="Content-Type" content="text/html;charset=utf-8" />
  <meta name='ocr-system' content='tesseract 3.04.00' />
  <meta name='ocr-capabilities' content='ocr_page ocr_carea ocr_par ocr_line ocrx_word'/>
</head>
<body>
  <div class='ocr_page' id='page_1' title='image "./qsflorentistert00tertgoog_0332.png"; bbox 0 0 2018 3714; ppageno 0'>
   <div class='ocr_carea' id='block_1_1' title="bbox 9 298 908 388">
    <p class='ocr_par' dir='ltr' id='par_1_1' title="bbox 9 298 908 388">
     <span class='ocr_line' id='line_1_1' title="bbox 9 298 908 388; baseline 0.011 -35"><span class='ocrx_word' id='word_1_1' title='bbox 9 308 165 372; x_wconf 79' lang='lat' dir='ltr'><strong>v.1029.</strong></span> <span class='ocrx_word' id='word_1_2' title='bbox 348 301 372 352; x_wconf 85' lang='lat' dir='ltr'><strong>G</strong></span> <span class='ocrx_word' id='word_1_3' title='bbox 388 298 411 350; x_wconf 87' lang='lat' dir='ltr'>E</span> <span class='ocrx_word' id='word_1_4' title='bbox 427 300 453 351; x_wconf 85' lang='lat' dir='ltr'>N</span> <span class='ocrx_word' id='word_1_5' title='bbox 470 300 494 351; x_wconf 87' lang='lat' dir='ltr'><strong>E</strong></span> <span class='ocrx_word' id='word_1_6' title='bbox 511 301 529 352; x_wconf 92' lang='lat' dir='ltr'>S</span> <span class='ocrx_word' id='word_1_7' title='bbox 544 305 556 356; x_wconf 87' lang='lat'>1</span> <span class='ocrx_word' id='word_1_8' title='bbox 574 304 600 357; x_wconf 82' lang='lat' dir='ltr'>S.</span> <span class='ocrx_word' id='word_1_9' title='bbox 847 301 908 388; x_wconf 76' lang='lat'>3¹9</span> 
     </span>
    </p>
   </div>
   <div class='ocr_carea' id='block_1_2' title="bbox 12 389 906 2445">
    <p class='ocr_par' dir='ltr' id='par_1_2' title="bbox 13 389 809 754">
     <span class='ocr_line' id='line_1_2' title="bbox 13 389 809 474; baseline 0.018 -22"><span class='ocrx_word' id='word_1_10' title='bbox 13 390 157 453; x_wconf 74' lang='lat' dir='ltr'>Ditibus</span> <span class='ocrx_word' id='word_1_11' title='bbox 168 391 201 452; x_wconf 90' lang='lat' dir='ltr'>in</span> <span class='ocrx_word' id='word_1_12' title='bbox 213 389 314 467; x_wconf 77' lang='lat' dir='ltr'>terris,</span> <span class='ocrx_word' id='word_1_13' title='bbox 329 389 482 454; x_wconf 85' lang='lat' dir='ltr'><strong>Dominus</strong></span> <span class='ocrx_word' id='word_1_14' title='bbox 493 416 565 474; x_wconf 87' lang='lat' dir='ltr'>quas</span> <span class='ocrx_word' id='word_1_15' title='bbox 579 413 698 460; x_wconf 83' lang='lat' dir='ltr'>voverat</span> <span class='ocrx_word' id='word_1_16' title='bbox 709 401 809 467; x_wconf 82' lang='lat' dir='ltr'>Abrae.</span> 
     </span>
     <span class='ocr_line' id='line_1_3' title="bbox 18 485 759 572; baseline 0.012 -25"><span class='ocrx_word' id='word_1_17' title='bbox 18 485 102 569; x_wconf 85' lang='lat' dir='ltr'>lpse</span> <span class='ocrx_word' id='word_1_18' title='bbox 115 487 184 550; x_wconf 88' lang='lat' dir='ltr'><strong>loco</strong></span> <span class='ocrx_word' id='word_1_19' title='bbox 197 506 310 547; x_wconf 89' lang='lat' dir='ltr'>nomen</span> <span class='ocrx_word' id='word_1_20' title='bbox 322 487 435 567; x_wconf 87' lang='lat' dir='ltr'>posuit,</span> <span class='ocrx_word' id='word_1_21' title='bbox 450 509 609 571; x_wconf 83' lang='lat' dir='ltr'>saxumque</span> <span class='ocrx_word' id='word_1_22' title='bbox 619 494 759 572; x_wconf 82' lang='lat' dir='ltr'>sacravit,</span> 
     </span>
     <span class='ocr_line' id='line_1_4' title="bbox 27 579 796 667; baseline 0.013 -25"><span class='ocrx_word' id='word_1_23' title='bbox 27 579 130 660; x_wconf 84' lang='lat' dir='ltr'>Quod</span> <span class='ocrx_word' id='word_1_24' title='bbox 143 600 286 642; x_wconf 84' lang='lat' dir='ltr'>venerans</span> <span class='ocrx_word' id='word_1_25' title='bbox 297 580 412 660; x_wconf 89' lang='lat' dir='ltr'>liquido</span> <span class='ocrx_word' id='word_1_26' title='bbox 424 594 520 644; x_wconf 89' lang='lat' dir='ltr'>totum</span> <span class='ocrx_word' id='word_1_27' title='bbox 534 586 686 665; x_wconf 83' lang='lat' dir='ltr'>perfundit</span> <span class='ocrx_word' id='word_1_28' title='bbox 697 589 796 667; x_wconf 80' lang='lat' dir='ltr'>olivo,</span> 
     </span>
     <span class='ocr_line' id='line_1_5' title="bbox 26 672 733 754; baseline 0.01 -18"><span class='ocrx_word' id='word_1_29' title='bbox 26 672 196 754; x_wconf 82' lang='lat' dir='ltr'>Erexitque</span> <span class='ocrx_word' id='word_1_30' title='bbox 208 675 333 734; x_wconf 85' lang='lat' dir='ltr'>domum</span> <span class='ocrx_word' id='word_1_31' title='bbox 344 675 434 736; x_wconf 85' lang='lat' dir='ltr'>turris</span> <span class='ocrx_word' id='word_1_32' title='bbox 444 677 498 738; x_wconf 82' lang='lat' dir='ltr'>sub</span> <span class='ocrx_word' id='word_1_33' title='bbox 508 689 585 740; x_wconf 83' lang='lat' dir='ltr'>tecta</span> <span class='ocrx_word' id='word_1_34' title='bbox 599 678 733 743; x_wconf 83' lang='lat' dir='ltr'>Caderae.</span> 
     </span>
    </p>

    <p class='ocr_par' dir='ltr' id='par_1_3' title="bbox 29 765 906 1604">
     <span class='ocr_line' id='line_1_6' title="bbox 30 765 760 852; baseline 0.014 -23"><span class='ocrx_word' id='word_1_35' title='bbox 30 765 113 831; x_wconf 82' lang='lat' dir='ltr'>Haec</span> <span class='ocrx_word' id='word_1_36' title='bbox 131 769 209 830; x_wconf 85' lang='lat' dir='ltr'>inter</span> <span class='ocrx_word' id='word_1_37' title='bbox 221 767 354 830; x_wconf 80' lang='lat' dir='ltr'>Rachela</span> <span class='ocrx_word' id='word_1_38' title='bbox 365 771 591 852; x_wconf 80' lang='lat' dir='ltr'>gravienniecta</span> <span class='ocrx_word' id='word_1_39' title='bbox 603 774 724 850; x_wconf 78' lang='lat' dir='ltr'>dolore,</span> <span class='ocrx_word' id='word_1_40' title='bbox 753 830 760 839; x_wconf 87' lang='grc'><em>,</em></span> 
     </span>
     <span class='ocr_line' id='line_1_7' title="bbox 29 859 824 947; baseline 0.01 -26"><span class='ocrx_word' id='word_1_41' title='bbox 29 859 156 923; x_wconf 81' lang='lat' dir='ltr'>Funere</span> <span class='ocrx_word' id='word_1_42' title='bbox 168 862 245 925; x_wconf 80' lang='lat' dir='ltr'>sacta</span> <span class='ocrx_word' id='word_1_43' title='bbox 257 883 366 944; x_wconf 85' lang='lat' dir='ltr'>parens</span> <span class='ocrx_word' id='word_1_44' title='bbox 379 862 595 947; x_wconf 84' lang='lat' dir='ltr'>Benjaminum</span> <span class='ocrx_word' id='word_1_45' title='bbox 608 867 683 928; x_wconf 85' lang='lat' dir='ltr'>fudit</span> <span class='ocrx_word' id='word_1_46' title='bbox 695 868 733 929; x_wconf 82' lang='lat' dir='ltr'>ab</span> <span class='ocrx_word' id='word_1_47' title='bbox 747 869 824 931; x_wconf 82' lang='lat' dir='ltr'>alvo.</span> 
     </span>
     <span class='ocr_line' id='line_1_8' title="bbox 29 953 806 1040; baseline 0.01 -24"><span class='ocrx_word' id='word_1_48' title='bbox 29 953 175 1037; x_wconf 79' lang='lat' dir='ltr'>Namque</span> <span class='ocrx_word' id='word_1_49' title='bbox 187 969 295 1037; x_wconf 81' lang='lat' dir='ltr'>praeter</span> <span class='ocrx_word' id='word_1_50' title='bbox 306 970 395 1018; x_wconf 87' lang='lat' dir='ltr'>notos</span> <span class='ocrx_word' id='word_1_51' title='bbox 405 957 489 1040; x_wconf 79' lang='lat' dir='ltr'>justis</span> <span class='ocrx_word' id='word_1_52' title='bbox 501 960 538 1018; x_wconf 88' lang='lat' dir='ltr'>de</span> <span class='ocrx_word' id='word_1_53' title='bbox 549 961 696 1022; x_wconf 85' lang='lat' dir='ltr'>matribus</span> <span class='ocrx_word' id='word_1_54' title='bbox 704 975 806 1038; x_wconf 84' lang='lat' dir='ltr'>ortus,</span> 
     </span>
     <span class='ocr_line' id='line_1_9' title="bbox 30 1046 805 1133; baseline 0.006 -23"><span class='ocrx_word' id='word_1_55' title='bbox 30 1046 136 1110; x_wconf 84' lang='lat' dir='ltr'>Tertia</span> <span class='ocrx_word' id='word_1_56' title='bbox 148 1049 215 1112; x_wconf 77' lang='lat' dir='ltr'>luce</span> <span class='ocrx_word' id='word_1_57' title='bbox 231 1050 356 1127; x_wconf 86' lang='lat' dir='ltr'>dehinc,</span> <span class='ocrx_word' id='word_1_58' title='bbox 371 1053 467 1133; x_wconf 82' lang='lat' dir='ltr'>majus</span> <span class='ocrx_word' id='word_1_59' title='bbox 479 1073 537 1131; x_wconf 79' lang='lat' dir='ltr'>qua</span> <span class='ocrx_word' id='word_1_60' title='bbox 548 1053 672 1115; x_wconf 85' lang='lat' dir='ltr'>vulnera</span> <span class='ocrx_word' id='word_1_61' title='bbox 681 1055 805 1118; x_wconf 85' lang='lat' dir='ltr'>servent.</span> 
     </span>
     <span class='ocr_line' id='line_1_10' title="bbox 31 1141 699 1228; baseline 0.009 -24"><span class='ocrx_word' id='word_1_62' title='bbox 31 1141 164 1228; x_wconf 80' lang='lat' dir='ltr'>Pignora</span> <span class='ocrx_word' id='word_1_63' title='bbox 175 1145 330 1227; x_wconf 75' lang='lat' dir='ltr'>supposita</span> <span class='ocrx_word' id='word_1_64' title='bbox 341 1146 415 1208; x_wconf 76' lang='lat' dir='ltr'>uatis</span> <span class='ocrx_word' id='word_1_65' title='bbox 426 1146 569 1228; x_wconf 79' lang='lat' dir='ltr'>genitrice</span> <span class='ocrx_word' id='word_1_66' title='bbox 580 1149 699 1210; x_wconf 84' lang='lat' dir='ltr'>creavit.</span> 
     </span>
     <span class='ocr_line' id='line_1_11' title="bbox 32 1235 727 1322; baseline 0.007 -25"><span class='ocrx_word' id='word_1_67' title='bbox 32 1235 221 1322; x_wconf 83' lang='lat' dir='ltr'>Agnovitque</span> <span class='ocrx_word' id='word_1_68' title='bbox 233 1239 332 1300; x_wconf 86' lang='lat' dir='ltr'>libens</span> <span class='ocrx_word' id='word_1_69' title='bbox 341 1239 425 1302; x_wconf 84' lang='lat' dir='ltr'>socio</span> <span class='ocrx_word' id='word_1_70' title='bbox 437 1241 474 1301; x_wconf 87' lang='lat' dir='ltr'>de</span> <span class='ocrx_word' id='word_1_71' title='bbox 485 1241 620 1322; x_wconf 87' lang='lat' dir='ltr'>germine</span> <span class='ocrx_word' id='word_1_72' title='bbox 632 1240 727 1302; x_wconf 80' lang='lat' dir='ltr'>Ballae</span> 
     </span>
     <span class='ocr_line' id='line_1_12' title="bbox 33 1327 866 1421; baseline 0.005 -27"><span class='ocrx_word' id='word_1_73' title='bbox 33 1327 241 1412; x_wconf 80' lang='lat' dir='ltr'>Conspicuum</span> <span class='ocrx_word' id='word_1_74' title='bbox 255 1332 396 1409; x_wconf 67' lang='lat' dir='ltr'>Danau,</span> <span class='ocrx_word' id='word_1_75' title='bbox 409 1353 501 1414; x_wconf 84' lang='lat' dir='ltr'>quem</span> <span class='ocrx_word' id='word_1_76' title='bbox 514 1332 726 1416; x_wconf 77' lang='lat' dir='ltr'>Nephtalimus</span> <span class='ocrx_word' id='word_1_77' title='bbox 738 1337 866 1421; x_wconf 77' lang='lat' dir='ltr'>adurget.</span> 
     </span>
     <span class='ocr_line' id='line_1_13' title="bbox 29 1424 906 1515; baseline 0.007 -28"><span class='ocrx_word' id='word_1_78' title='bbox 29 1424 83 1488; x_wconf 80' lang='lat' dir='ltr'>Ast</span> <span class='ocrx_word' id='word_1_79' title='bbox 94 1425 174 1488; x_wconf 88' lang='lat' dir='ltr'>alios</span> <span class='ocrx_word' id='word_1_80' title='bbox 184 1446 257 1487; x_wconf 87' lang='lat' dir='ltr'>mox</span> <span class='ocrx_word' id='word_1_81' title='bbox 267 1425 351 1487; x_wconf 74' lang='lat' dir='ltr'>Zeita</span> <span class='ocrx_word' id='word_1_82' title='bbox 367 1441 465 1505; x_wconf 82' lang='lat' dir='ltr'>creat,</span> <span class='ocrx_word' id='word_1_83' title='bbox 481 1427 695 1511; x_wconf 81' lang='lat' dir='ltr'>Gradumque‚</span> <span class='ocrx_word' id='word_1_84' title='bbox 710 1430 906 1515; x_wconf 81' lang='lat' dir='ltr'>Aserumque.</span> 
     </span>
     <span class='ocr_line' id='line_1_14' title="bbox 29 1516 805 1604; baseline 0.006 -23"><span class='ocrx_word' id='word_1_85' title='bbox 29 1516 163 1582; x_wconf 87' lang='lat' dir='ltr'>Obtinet</span> <span class='ocrx_word' id='word_1_86' title='bbox 173 1519 233 1582; x_wconf 85' lang='lat' dir='ltr'>hoe</span> <span class='ocrx_word' id='word_1_87' title='bbox 245 1520 334 1585; x_wconf 82' lang='lat' dir='ltr'>etiam</span> <span class='ocrx_word' id='word_1_88' title='bbox 346 1521 481 1598; x_wconf 70' lang='lat' dir='ltr'>meritis,</span> <span class='ocrx_word' id='word_1_89' title='bbox 494 1524 575 1602; x_wconf 87' lang='lat' dir='ltr'>quod</span> <span class='ocrx_word' id='word_1_90' title='bbox 587 1523 690 1585; x_wconf 75' lang='lat' dir='ltr'>defore</span> <span class='ocrx_word' id='word_1_91' title='bbox 702 1538 805 1604; x_wconf 83' lang='lat' dir='ltr'>norat,</span> 
     </span>
    </p>

    <p class='ocr_par' dir='ltr' id='par_1_4' title="bbox 25 1608 721 1697">
     <span class='ocr_line' id='line_1_15' title="bbox 25 1608 721 1697; baseline 0.004 -22"><span class='ocrx_word' id='word_1_92' title='bbox 25 1608 74 1675; x_wconf 84' lang='lat' dir='ltr'>Ut</span> <span class='ocrx_word' id='word_1_93' title='bbox 86 1613 310 1696; x_wconf 61' lang='lat' dir='ltr'>patriostvuttus</span> <span class='ocrx_word' id='word_1_94' title='bbox 319 1627 400 1678; x_wconf 84' lang='lat' dir='ltr'>tanta</span> <span class='ocrx_word' id='word_1_95' title='bbox 412 1636 481 1677; x_wconf 84' lang='lat' dir='ltr'>cum</span> <span class='ocrx_word' id='word_1_96' title='bbox 493 1617 580 1697; x_wconf 86' lang='lat' dir='ltr'>prole</span> <span class='ocrx_word' id='word_1_97' title='bbox 593 1618 721 1692; x_wconf 76' lang='lat' dir='ltr'>rideret3</span> 
     </span>
    </p>

    <p class='ocr_par' dir='ltr' id='par_1_5' title="bbox 25 1701 731 1792">
     <span class='ocr_line' id='line_1_16' title="bbox 25 1701 731 1792; baseline 0.007 -24"><span class='ocrx_word' id='word_1_98' title='bbox 25 1705 76 1769; x_wconf 89' lang='lat' dir='ltr'>Ut</span> <span class='ocrx_word' id='word_1_99' title='bbox 87 1708 141 1789; x_wconf 86' lang='lat' dir='ltr'>qui</span> <span class='ocrx_word' id='word_1_100' title='bbox 152 1710 214 1790; x_wconf 82' lang='lat' dir='ltr'>jam</span> <span class='ocrx_word' id='word_1_101' title='bbox 224 1701 427 1771; x_wconf 60' lang='lat' dir='ltr'>vetula&#39;suerat</span> <span class='ocrx_word' id='word_1_102' title='bbox 438 1709 580 1792; x_wconf 78' lang='lat' dir='ltr'>genitrice</span> <span class='ocrx_word' id='word_1_103' title='bbox 594 1724 731 1788; x_wconf 61' lang='lat' dir='ltr'>creatus,</span> 
     </span>
    </p>

    <p class='ocr_par' dir='ltr' id='par_1_6' title="bbox 12 1797 686 1886">
     <span class='ocr_line' id='line_1_17' title="bbox 12 1797 686 1886; baseline 0 -22"><span class='ocrx_word' id='word_1_104' title='bbox 12 1797 83 1865; x_wconf 72' lang='lat' dir='ltr'>Bis</span> <span class='ocrx_word' id='word_1_105' title='bbox 96 1822 170 1863; x_wconf 72' lang='lat' dir='ltr'>seno</span> <span class='ocrx_word' id='word_1_106' title='bbox 183 1803 305 1886; x_wconf 81' lang='lat' dir='ltr'>insignis</span> <span class='ocrx_word' id='word_1_107' title='bbox 317 1816 420 1885; x_wconf 77' lang='lat' dir='ltr'>posset·</span> <span class='ocrx_word' id='word_1_108' title='bbox 427 1804 556 1886; x_wconf 83' lang='lat' dir='ltr'>gaudere</span> <span class='ocrx_word' id='word_1_109' title='bbox 566 1816 686 1884; x_wconf 84' lang='lat' dir='ltr'>nepote.</span> 
     </span>
    </p>

    <p class='ocr_par' dir='ltr' id='par_1_7' title="bbox 15 1894 877 2257">
     <span class='ocr_line' id='line_1_18' title="bbox 15 1894 811 1980; baseline 0.001 -23"><span class='ocrx_word' id='word_1_110' title='bbox 15 1894 111 1980; x_wconf 86' lang='lat' dir='ltr'>Ergo</span> <span class='ocrx_word' id='word_1_111' title='bbox 125 1896 180 1963; x_wconf 81' lang='lat' dir='ltr'>ubi</span> <span class='ocrx_word' id='word_1_112' title='bbox 189 1898 250 1978; x_wconf 79' lang='lat' dir='ltr'>jam</span> <span class='ocrx_word' id='word_1_113' title='bbox 262 1899 382 1959; x_wconf 87' lang='lat' dir='ltr'>tandem</span> <span class='ocrx_word' id='word_1_114' title='bbox 395 1897 441 1958; x_wconf 87' lang='lat' dir='ltr'>bis</span> <span class='ocrx_word' id='word_1_115' title='bbox 453 1898 613 1979; x_wconf 81' lang='lat' dir='ltr'>nonaginta</span> <span class='ocrx_word' id='word_1_116' title='bbox 625 1917 680 1978; x_wconf 84' lang='lat' dir='ltr'>per</span> <span class='ocrx_word' id='word_1_117' title='bbox 692 1917 786 1960; x_wconf 86' lang='lat' dir='ltr'>annos</span> <span class='ocrx_word' id='word_1_118' title='bbox 804 1963 811 1973; x_wconf 59' lang='grc'><strong>,</strong></span> 
     </span>
     <span class='ocr_line' id='line_1_19' title="bbox 17 1989 827 2073; baseline 0 -24"><span class='ocrx_word' id='word_1_119' title='bbox 17 1989 102 2050; x_wconf 80' lang='lat' dir='ltr'>Vita</span> <span class='ocrx_word' id='word_1_120' title='bbox 113 1989 169 2050; x_wconf 87' lang='lat' dir='ltr'>suit</span> <span class='ocrx_word' id='word_1_121' title='bbox 181 1991 333 2071; x_wconf 81' lang='lat' dir='ltr'>proceris,</span> <span class='ocrx_word' id='word_1_122' title='bbox 349 2003 379 2050; x_wconf 86' lang='lat' dir='ltr'>et</span> <span class='ocrx_word' id='word_1_123' title='bbox 391 1989 515 2073; x_wconf 83' lang='lat' dir='ltr'>longum</span> <span class='ocrx_word' id='word_1_124' title='bbox 528 1991 617 2051; x_wconf 85' lang='lat' dir='ltr'>ducta</span> <span class='ocrx_word' id='word_1_125' title='bbox 626 2010 682 2070; x_wconf 86' lang='lat' dir='ltr'>per</span> <span class='ocrx_word' id='word_1_126' title='bbox 696 2011 810 2064; x_wconf 82' lang='lat' dir='ltr'>aevum,</span> <span class='ocrx_word' id='word_1_127' title='bbox 824 2027 827 2032; x_wconf 94' lang='lat'><em>-</em></span> 
     </span>
     <span class='ocr_line' id='line_1_20' title="bbox 24 2081 877 2164; baseline -0.005 -19"><span class='ocrx_word' id='word_1_128' title='bbox 24 2082 183 2159; x_wconf 82' lang='lat' dir='ltr'>Solvitur,</span> <span class='ocrx_word' id='word_1_129' title='bbox 197 2095 227 2144; x_wconf 90' lang='lat' dir='ltr'>et</span> <span class='ocrx_word' id='word_1_130' title='bbox 238 2082 314 2145; x_wconf 72' lang='lat' dir='ltr'>tuso</span> <span class='ocrx_word' id='word_1_131' title='bbox 326 2085 363 2145; x_wconf 82' lang='lat' dir='ltr'>de</span> <span class='ocrx_word' id='word_1_132' title='bbox 375 2103 505 2164; x_wconf 79' lang='lat' dir='ltr'>corpore</span> <span class='ocrx_word' id='word_1_133' title='bbox 516 2083 657 2144; x_wconf 75' lang='lat' dir='ltr'>candidus</span> <span class='ocrx_word' id='word_1_134' title='bbox 669 2081 745 2156; x_wconf 79' lang='lat' dir='ltr'>exit,</span> <span class='ocrx_word' id='word_1_135' title='bbox 873 2124 877 2141; x_wconf 88' lang='grc'>,</span> 
     </span>
     <span class='ocr_line' id='line_1_21' title="bbox 24 2175 752 2257; baseline -0.004 -20"><span class='ocrx_word' id='word_1_136' title='bbox 24 2177 159 2238; x_wconf 77' lang='lat' dir='ltr'>Vinurus</span> <span class='ocrx_word' id='word_1_137' title='bbox 169 2189 299 2253; x_wconf 85' lang='lat' dir='ltr'>sanetas,</span> <span class='ocrx_word' id='word_1_138' title='bbox 315 2197 387 2257; x_wconf 84' lang='lat' dir='ltr'>quas</span> <span class='ocrx_word' id='word_1_139' title='bbox 401 2178 451 2237; x_wconf 87' lang='lat' dir='ltr'>dat</span> <span class='ocrx_word' id='word_1_140' title='bbox 461 2176 638 2255; x_wconf 83' lang='lat' dir='ltr'>prudentia,</span> <span class='ocrx_word' id='word_1_141' title='bbox 653 2175 752 2249; x_wconf 85' lang='lat' dir='ltr'>sedes,</span> 
     </span>
    </p>

    <p class='ocr_par' dir='ltr' id='par_1_8' title="bbox 26 2267 824 2445">
     <span class='ocr_line' id='line_1_22' title="bbox 26 2267 824 2353; baseline -0.003 -22"><span class='ocrx_word' id='word_1_142' title='bbox 26 2269 66 2331; x_wconf 77' lang='lat' dir='ltr'>ln</span> <span class='ocrx_word' id='word_1_143' title='bbox 76 2269 186 2351; x_wconf 85' lang='lat' dir='ltr'>quibus</span> <span class='ocrx_word' id='word_1_144' title='bbox 197 2270 340 2353; x_wconf 75' lang='lat' dir='ltr'>astrigero</span> <span class='ocrx_word' id='word_1_145' title='bbox 350 2269 495 2333; x_wconf 71' lang='lat' dir='ltr'>recubans</span> <span class='ocrx_word' id='word_1_146' title='bbox 507 2288 564 2348; x_wconf 88' lang='lat' dir='ltr'>per</span> <span class='ocrx_word' id='word_1_147' title='bbox 572 2267 669 2329; x_wconf 84' lang='lat' dir='ltr'>secula</span> <span class='ocrx_word' id='word_1_148' title='bbox 682 2267 824 2348; x_wconf 76' lang='lat' dir='ltr'>pulchro,</span> 
     </span>
     <span class='ocr_line' id='line_1_23' title="bbox 28 2361 769 2445; baseline -0.005 -18"><span class='ocrx_word' id='word_1_149' title='bbox 28 2361 640 2445; x_wconf 73' lang='lat' dir='ltr'>haritatniraor&#39;securaadgaudiajustos.</span> <span class='ocrx_word' id='word_1_150' title='bbox 693 2372 698 2381; x_wconf 87' lang='grc'><strong>’</strong></span> <span class='ocrx_word' id='word_1_151' title='bbox 767 2384 769 2389; x_wconf 65' lang='grc'>’</span> 
     </span>
    </p>
   </div>
   <div class='ocr_carea' id='block_1_3' title="bbox 402 2515 532 2578">
    <p class='ocr_par' dir='ltr' id='par_1_9' title="bbox 402 2515 532 2578">
     <span class='ocr_line' id='line_1_24' title="bbox 402 2515 532 2578; baseline -0.023 0"><span class='ocrx_word' id='word_1_152' title='bbox 402 2515 532 2578; x_wconf 84' lang='lat' dir='ltr'>XXXV.</span> 
     </span>
    </p>
   </div>
   <div class='ocr_carea' id='block_1_4' title="bbox 24 2646 812 3198">
    <p class='ocr_par' dir='ltr' id='par_1_10' title="bbox 24 2646 812 3198">
     <span class='ocr_line' id='line_1_25' title="bbox 29 2646 722 2730; baseline 0.001 -23"><span class='ocrx_word' id='word_1_153' title='bbox 29 2647 162 2728; x_wconf 77' lang='lat' dir='ltr'>Jamque</span> <span class='ocrx_word' id='word_1_154' title='bbox 173 2649 254 2730; x_wconf 83' lang='lat' dir='ltr'>juvat</span> <span class='ocrx_word' id='word_1_155' title='bbox 263 2646 368 2708; x_wconf 80' lang='lat' dir='ltr'>fratres</span> <span class='ocrx_word' id='word_1_156' title='bbox 381 2659 503 2709; x_wconf 82' lang='lat' dir='ltr'>metatas</span> <span class='ocrx_word' id='word_1_157' title='bbox 514 2649 616 2710; x_wconf 83' lang='lat' dir='ltr'>didere</span> <span class='ocrx_word' id='word_1_158' title='bbox 629 2650 722 2710; x_wconf 86' lang='lat' dir='ltr'>sedes.</span> 
     </span>
     <span class='ocr_line' id='line_1_26' title="bbox 25 2739 804 2824; baseline -0.006 -22"><span class='ocrx_word' id='word_1_159' title='bbox 25 2739 111 2802; x_wconf 80' lang='lat' dir='ltr'>Nam</span> <span class='ocrx_word' id='word_1_160' title='bbox 124 2741 420 2822; x_wconf 80' lang='lat' dir='ltr'>quianon-poterant</span> <span class='ocrx_word' id='word_1_161' title='bbox 432 2755 552 2824; x_wconf 87' lang='lat' dir='ltr'>augusto</span> <span class='ocrx_word' id='word_1_162' title='bbox 564 2742 598 2802; x_wconf 90' lang='lat' dir='ltr'>in</span> <span class='ocrx_word' id='word_1_163' title='bbox 608 2741 704 2803; x_wconf 82' lang='lat' dir='ltr'>limite</span> <span class='ocrx_word' id='word_1_164' title='bbox 717 2752 804 2799; x_wconf 78' lang='lat' dir='ltr'>terrae</span> 
     </span>
     <span class='ocr_line' id='line_1_27' title="bbox 28 2830 786 2917; baseline -0.009 -22"><span class='ocrx_word' id='word_1_165' title='bbox 28 2830 209 2895; x_wconf 80' lang='lat' dir='ltr'>Crescentes</span> <span class='ocrx_word' id='word_1_166' title='bbox 217 2835 354 2917; x_wconf 73' lang='lat' dir='ltr'>gregibus</span> <span class='ocrx_word' id='word_1_167' title='bbox 366 2833 476 2895; x_wconf 85' lang='lat' dir='ltr'>multos</span> <span class='ocrx_word' id='word_1_168' title='bbox 488 2835 628 2895; x_wconf 78' lang='lat' dir='ltr'>cohihere</span> <span class='ocrx_word' id='word_1_169' title='bbox 642 2830 786 2904; x_wconf 81' lang='lat' dir='ltr'>colonus,</span> 
     </span>
     <span class='ocr_line' id='line_1_28' title="bbox 24 2922 784 3011; baseline -0.007 -24"><span class='ocrx_word' id='word_1_170' title='bbox 24 2925 173 2987; x_wconf 79' lang='lat' dir='ltr'>Anterior</span> <span class='ocrx_word' id='word_1_171' title='bbox 186 2925 297 3011; x_wconf 82' lang='lat' dir='ltr'>Syrum</span> <span class='ocrx_word' id='word_1_172' title='bbox 311 2941 446 2988; x_wconf 86' lang='lat' dir='ltr'>montem</span> <span class='ocrx_word' id='word_1_173' title='bbox 457 2939 525 3007; x_wconf 87' lang='lat' dir='ltr'>post</span> <span class='ocrx_word' id='word_1_174' title='bbox 535 2922 784 2986; x_wconf 82' lang='lat' dir='ltr'>arva-Chananua</span> 
     </span>
     <span class='ocr_line' id='line_1_29' title="bbox 25 3017 681 3102; baseline -0.003 -23"><span class='ocrx_word' id='word_1_175' title='bbox 25 3017 170 3101; x_wconf 75' lang='lat' dir='ltr'>Accipir,</span> <span class='ocrx_word' id='word_1_176' title='bbox 184 3033 217 3081; x_wconf 87' lang='lat' dir='ltr'>et·</span> <span class='ocrx_word' id='word_1_177' title='bbox 227 3019 293 3081; x_wconf 69' lang='lat' dir='ltr'>laeta</span> <span class='ocrx_word' id='word_1_178' title='bbox 304 3021 450 3102; x_wconf 79' lang='lat' dir='ltr'>praedives</span> <span class='ocrx_word' id='word_1_179' title='bbox 462 3038 577 3100; x_wconf 79' lang='lat' dir='ltr'>pascua</span> <span class='ocrx_word' id='word_1_180' title='bbox 582 3017 681 3077; x_wconf 84' lang='lat' dir='ltr'>sumit.</span> 
     </span>
     <span class='ocr_line' id='line_1_30' title="bbox 28 3106 812 3198; baseline -0.009 -19"><span class='ocrx_word' id='word_1_181' title='bbox 28 3106 229 3179; x_wconf 65' lang='lat' dir='ltr'>Chaunum</span> <span class='ocrx_word' id='word_1_182' title='bbox 236 3134 436 3198; x_wconf 69' lang='lat' dir='ltr'>nequenrnon</span> <span class='ocrx_word' id='word_1_183' title='bbox 446 3111 556 3192; x_wconf 82' lang='lat' dir='ltr'>linquit</span> <span class='ocrx_word' id='word_1_184' title='bbox 567 3131 657 3196; x_wconf 80' lang='lat' dir='ltr'>regna</span> <span class='ocrx_word' id='word_1_185' title='bbox 671 3108 812 3189; x_wconf 78' lang='lat' dir='ltr'>Iacobus,</span> 
     </span>
    </p>
   </div>
   <div class='ocr_carea' id='block_1_5' title="bbox 0 0 1039 3714">
    <p class='ocr_par' dir='ltr' id='par_1_11' title="bbox 0 0 1039 3714">
     <span class='ocr_line' id='line_1_31' title="bbox 0 0 1039 3714; baseline 0 0"><span class='ocrx_word' id='word_1_186' title='bbox 0 0 1039 3714; x_wconf 95' lang='lat' dir='ltr'> </span> 
     </span>
    </p>
   </div>
  </div>
 </body>
</html>
