2046 3712
105 316 168 379 300
417 324 442 377 (ἶ
458 324 482 379 Ἀ
499 326 523 379 lt
538 324 569 378 u
584 318 610 377 B
625 314 669 403 n]
871 310 919 389 nl

105 418 191 499 Quin
204 428 234 480 et
246 413 419 475 Amorraeus
431 415 580 498 Gergesso
592 428 730 477 extrusus
741 417 862 493 amieo,

105 508 301 572 Semianimis
316 527 449 588 possessa
461 508 544 569 dabit
559 508 752 571 venientibus
763 528 843 569 arva.

105 600 185 680 Qua·
197 621 267 663 cum
277 612 377 662 sancta
389 598 474 660 Dens
486 600 672 682 promisisset
684 601 779 663 verba
791 598 919 685 Prophe

105 692 178 755 Sole
191 693 245 755 sub
259 693 384 755 occiduo
398 692 513 767 clarum
524 694 575 753 dat
583 691 714 755 fulmine
725 694 824 777 signo.

104 784 188 849 Nam
202 784 282 853 velut
295 784 420 845 undanti
432 784 561 846 ferveret
572 782 697 845 damma
709 786 849 866 ¹cannino,

107 875 261 991 Caesarum
271 878 422 959 pecudum
432 877 495 938 visa
505 889 550 973 est
561 876 736 941 delamlsere
746 898 858 943 eamu-

501 1026 574 1089 XV.
703 1064 706 1073 ·

102 1160 221 1223 Interea
235 1155 350 1237 steriles
361 1157 422 1239 jam
436 1156 557 1239 pridem
569 1152 644 1219 fessa
655 1176 715 1239 per
724 1178 820 1223 anuas
874 1200 877 1207 ·

19 1310 23 1319 .
102 1252 279 1314 Perdiderat
289 1253 380 1312 etiam
392 1264 495 1311 votum
507 1252 569 1332 jam
583 1248 837 1333 Sanapoenum
864 1298 868 1305 -

100 1344 142 1407 Et
155 1342 226 1425 quia
236 1344 394 1427 praegelida
406 1356 526 1424 parturn
538 1362 600 1404 uon
612 1358 743 1425 poneret
752 1344 844 1423 alvu,

100 1438 150 1501 Ad
163 1439 290 1500 secunda
302 1458 389 1497 suum
400 1436 491 1517 coepit
501 1434 610 1498 laetare
621 1437 770 1499 maritum
839 1432 843 1439 ’

103 1530 240 1607 Gaudia,
254 1542 285 1591 et
296 1528 437 1591 inflexum
448 1531 528 1612 cogit
539 1530 689 1591 consortia
701 1552 799 1595 servu

100 1622 327 1709 Nosceregquo
337 1620 442 1683 saltem
454 1622 571 1705 genitor
581 1622 621 1683 sit
632 1622 762 1705 pignore
774 1622 838 1689 viti.

101 1714 188 1778 ilicet
199 1715 231 1775 iu
242 1713 389 1776 thalamos
402 1712 548 1797 Egyptia
560 1713 716 1776 adducitur
726 1714 826 1801 Agar,
872 1756 881 1775 .

100 1808 319 1887 Ismaelumque
330 1806 456 1867 nothum
469 1806 592 1867 fecunda
604 1807 696 1889 gignit
711 1809 748 1869 ab
763 1808 840 1871 ulva.

101 1902 180 1989 Qum
190 1922 258 1963 cum
271 1900 370 1960 servili
382 1899 534 1959 dominam
550 1912 756 1962 contemneret
769 1914 851 1977 astu,

99 1993 285 2056 Verberibus
298 1993 378 2052 duris
389 1991 514 2066 afflicta,
529 2005 558 2053 et
568 1994 664 2054 saucia
678 1994 761 2077 fugit.

97 2088 144 2150 Ac
155 2090 226 2148 dum
238 2087 336 2149 vicino
348 2098 458 2168 tegeret
469 2107 500 2146 se
514 2086 598 2146 devia
607 2085 709 2161 fonte,

87 2182 229 2242 ,Nuntius
241 2180 368 2240 aethereo
383 2179 532 2239 descendit
544 2178 672 2240 culmine
684 2179 770 2256 coeli,

98 2272 332 2352 Consultamque
344 2272 426 2353 prius
437 2272 628 2330 dominorum
642 2272 733 2331 mittit
743 2274 783 2333 ad
794 2275 882 2351 redet,

96 2365 272 2443 Quinetiam
286 2364 379 2425 multo
389 2365 564 2446 gaudentem
577 2384 701 2424 munere
715 2367 817 2426 donat.
831 2386 834 2391 ·

95 2456 173 2535 Qnae
187 2458 255 2536 quia
268 2457 429 2534 conspicuo
443 2456 602 2538 fulgentem
616 2456 730 2517 lumine
742 2472 875 2521 sanetum

93 2547 235 2625 Viderat,
249 2568 266 2610 a
278 2547 370 2623 simili
384 2549 512 2629 narravit
524 2549 647 2609 nomine
657 2549 782 2610 fontem.

484 2696 571 2757 xvi
683 2668 688 2677 '

90 2825 222 2907 Jamque
235 2846 343 2887 novem
357 2827 467 2903 denos,
480 2848 648 2908 novemque
662 2842 796 2912 exegerat
807 2850 896 2895 annot

89 2920 240 2982 Abrarnus
253 2934 348 2996 vates,
364 2941 432 2982 cum
446 2942 476 2982 se
488 2924 550 3003 iam
563 2926 682 3003 jamque
694 2936 852 3002 parentem

89 3012 231 3094 Agnoscit
244 3014 306 3073 nati
318 3034 426 3096 mogun
440 3015 477 3074 de
490 3036 615 3076 munere
627 3016 735 3090 dandi,

87 3104 278 3169 Testamenta
288 3105 350 3169 Dei
362 3108 410 3171 cui
418 3120 485 3171 suut
498 3108 657 3173 concordia
669 3109 798 3186 summi,
