2018 3714
27 303 122 370 uro.
237 313 487 372 ruwuruus
518 319 696 375 cuursrr.
846 312 919 390 341.»-

28 410 162 495 Agmiue
175 407 253 471 facto
266 407 310 468 illi
322 430 440 471 summa
452 411 489 472 ad
501 410 763 494 lastigiacurrunt,

27 504 162 567 Vocibus
172 502 338 565 horrisonis
351 517 380 564 et
390 517 467 566 tecta
479 517 509 565 et
519 504 631 566 moenia
644 507 813 588 complent,

25 595 109 660 Ecce
123 608 222 659 autem
234 593 370 659 Christus
382 617 438 679 per
449 610 526 658 tetra
535 597 652 663 silentia
662 600 743 680 rupit

24 690 160 753 Lumine
171 691 307 764 sidereo,
319 689 455 770 claraque
468 690 501 751 in
513 690 579 753 luce
590 691 713 754 refulsit.

24 784 116 847 Heus
127 784 224 868 agite,
239 783 413 845 umbrarum
425 804 584 865 proceres,
596 784 722 846 attollite
736 798 854 867 portas,
866 830 869 837 ·

24 876 251 959 Portarumque
261 897 359 955 seras,
373 891 403 938 et
414 898 537 962 magnos
550 879 660 939 demite
672 893 778 942 vectes.

27 970 116 1053 Quid
128 969 232 1032 miseri
244 971 358 1032 audetis
370 983 473 1033 contra
483 990 591 1053 capere
604 990 687 1033 arma
698 971 908 1037 Tonantem-r!

25 1062 84 1129 llic
96 1080 153 1149 ego
166 1085 217 1125 rex
229 1076 344 1140 vester,
357 1063 464 1124 frustra
478 1077 523 1125 est
533 1065 677 1127 obsistere
688 1067 760 1149 regi.

29 1157 104 1223 llaec
116 1159 170 1221 uhi
182 1156 317 1235 dixisset,
329 1157 442 1219 subitus
454 1178 549 1239 pavor
560 1172 686 1240 occupat
697 1181 822 1239 omnes,

28 1247 197 1313 l'urmatim
210 1251 373 1334 effugiunt,
384 1250 543 1313 ululatibus
555 1273 624 1314 aera
637 1254 801 1335 complent.
861 1296 864 1301 -

23 1342 53 1409 N
56 1367 94 1409 ee
105 1364 211 1422 moro,
225 1366 293 1408 cum
307 1345 407 1406 sonitu
417 1358 517 1427 postes
530 1347 665 1409 cecidere
676 1347 779 1409 solutis

22 1439 229 1516 Cardinihus,
243 1440 536 1522 magnamquededit
546 1440 678 1523 collapsa
690 1442 809 1503 ruinam

18 1533 145 1612 Janua,
158 1548 187 1596 et
196 1534 356 1595 admittunt
371 1553 513 1596 concussa
522 1534 633 1616 palatia
648 1533 811 1598 Christum.
830 1568 838 1587 ι

17 1628 192 1711 Obstupuit
201 1628 287 1710 prior
298 1628 363 1709 ipse
378 1622 519 1702 Charon,
534 1648 624 1709 seque
637 1628 721 1690 ahdit
732 1629 764 1689 in
778 1629 879 1706 ulva,-

15 1718 64 1782 Εἰ
76 1722 159 1784 canis
170 1720 323 1802 obstupuit
334 1720 472 1783 claudens
484 1720 543 1782 tria
557 1719 772 1784 Cerberos-ora
781 1766 805 1794 ,·

16 1814 200 1899 Gorgones,
211 1812 553 1898 Harpyiaequctremuut
562 1858 572 1890 ,
582 1828 670 1896 paret
680 1815 746 1896 ipsa
757 1814 916 1900 Megaersp

17 1907 213 1990 Tisiphone,
226 1908 333 1969 Alecto
344 1950 355 1984 ,
366 1907 509 1989 perculsae
521 1908 586 1970 luce
600 1908 744 1985 molesta,

19 2002 160 2065 Ultrices
170 2001 272 2077 Dirae,
286 2000 404 2078 Foriae,
418 1999 579 2080 Parcaque
592 2021 718 2063 sorores.

21 2094 66 2158 Et
77 2095 152 2176 quid
162 2090 373 2158 multatisilent'
384 2094 529 2176 gemitus,
543 2106 710 2169 tormenta,
723 2090 859 2154 dolores·
897 2115 900 2119 ’

25 2188 369 2272 Quosimuliugreditor
376 2186 523 2264 Christus,
531 2200 659 2248 tremere
670 2187 771 2247 omnia
776 2187 901 2261 circum
913 2229 917 2237 -

26 2282 88 2345 Sed
99 2283 228 2367 gaudent
238 2280 345 2357 animas
357 2293 479 2356 sanctae,
493 2302 653 2360 manesque
668 2280 799 2362 piorum.

25 2374 149 2437 Primos
161 2376 260 2436 Adam
272 2387 340 2436 ante
351 2373 427 2435 alios
439 2373 553 2455 palmas
566 2375 604 2435 ad
617 2375 713 2435 sidera
726 2373 807 2434 laetus
916 2394 919 2399 ·

25 2466 157 2546 Extulit,
172 2480 202 2529 et
214 2467 385 2530 Dominum
397 2468 504 2528 devota
519 2481 561 2529 est
574 2482 647 2529 'voce
660 2481 812 2549 precatus;
826 2510 829 2517 ·

27 2562 202 2646 Exspectate
214 2563 298 2624 venis
308 2560 443 2635 miseris,
459 2582 478 2622 ο
490 2573 588 2624 sancte
602 2564 791 2642 redemptor,
804 2602 808 2610 -

27 2654 397 2737 Dareqoiem,fiuemque
405 2654 508 2732 malis,
521 2655 567 2716 fer
579 2657 617 2716 ad
623 2669 699 2717 astra
705 2655 880 2732 redemptos
894 2675 902 2710 :
916 2694 921 2701 ·

28 2746 79 2813 Sic
89 2762 178 2832 pater
188 2749 357 2824 libramus,
372 2768 449 2830 puer
460 2746 575 2823 lsacus,
591 2761 680 2828 atque
692 2746 819 2808 lacobus
836 2786 838 2790 ι

28 2838 204 2906 Proceduut
215 2843 343 2919 alacres,
356 2842 435 2923 juxta
450 2841 601 2902 formosus
611 2839 678 2900 lose
680 2840 738 2919 ph,
751 2884 754 2889 .

27 2933 68 2997 Et
81 2933 188 2998 Moses
199 2948 331 3012 sanctus,
344 2946 375 2996 et
386 2932 579 3016 vitainsigois
594 2932 714 3006 Aaron,

28 3026 71 3089 Et
84 3028 109 3089 J
109 3048 182 3091 osoe
194 3029 339 3104 invictus,
354 3027 462 3108 reliqui
477 3043 617 3108 regesque
630 3026 796 3104 ducesque-5

32 3119 78 3182 Et
90 3123 198 3205 patrias
208 3122 316 3190 vindex
326 3118 518 3187 Machairous
529 3119 644 3204 origine
656 3118 760 3196 Iudas,
773 3160 779 3169 .

749 3234 795 3294 29.
