<?xml version="1.0" encoding="UTF-8"?>
<!DOCTYPE html PUBLIC "-//W3C//DTD XHTML 1.0 Transitional//EN"
    "http://www.w3.org/TR/xhtml1/DTD/xhtml1-transitional.dtd">
<html xmlns="http://www.w3.org/1999/xhtml" xml:lang="en" lang="en">
 <head>
  <title>
</title>
<meta http-equiv="Content-Type" content="text/html;charset=utf-8" />
  <meta name='ocr-system' content='tesseract 3.04.00' />
  <meta name='ocr-capabilities' content='ocr_page ocr_carea ocr_par ocr_line ocrx_word'/>
</head>
<body>
  <div class='ocr_page' id='page_1' title='image "./qsflorentistert00tertgoog_0165.png"; bbox 0 0 2018 3714; ppageno 0'>
   <div class='ocr_carea' id='block_1_1' title="bbox 130 252 968 331">
    <p class='ocr_par' dir='ltr' id='par_1_1' title="bbox 130 252 968 331">
     <span class='ocr_line' id='line_1_1' title="bbox 130 252 968 331; baseline 0.02 -16"><span class='ocrx_word' id='word_1_1' title='bbox 130 252 190 315; x_wconf 82' lang='lat'>150</span> <span class='ocrx_word' id='word_1_2' title='bbox 336 266 477 321; x_wconf 73' lang='lat' dir='ltr'>cotenu</span> <span class='ocrx_word' id='word_1_3' title='bbox 493 268 594 321; x_wconf 79' lang='lat' dir='ltr'>nanu</span> <span class='ocrx_word' id='word_1_4' title='bbox 610 266 783 323; x_wconf 79' lang='lat' dir='ltr'>vroroms</span> <span class='ocrx_word' id='word_1_5' title='bbox 885 254 968 331; x_wconf 68' lang='lat' dir='ltr'>etet</span> 
     </span>
    </p>
   </div>
   <div class='ocr_carea' id='block_1_2' title="bbox 125 360 941 547">
    <p class='ocr_par' dir='ltr' id='par_1_2' title="bbox 125 360 941 547">
     <span class='ocr_line' id='line_1_2' title="bbox 126 360 884 434; baseline 0.004 -13"><span class='ocrx_word' id='word_1_6' title='bbox 126 361 228 434; x_wconf 77' lang='lat' dir='ltr'>Dixit,</span> <span class='ocrx_word' id='word_1_7' title='bbox 243 360 336 422; x_wconf 89' lang='lat' dir='ltr'>atille</span> <span class='ocrx_word' id='word_1_8' title='bbox 350 361 411 422; x_wconf 86' lang='lat' dir='ltr'>Dei</span> <span class='ocrx_word' id='word_1_9' title='bbox 422 363 554 423; x_wconf 85' lang='lat' dir='ltr'>monitus</span> <span class='ocrx_word' id='word_1_10' title='bbox 563 383 682 425; x_wconf 83' lang='lat' dir='ltr'>serrare</span> <span class='ocrx_word' id='word_1_11' title='bbox 693 363 829 425; x_wconf 70' lang='lat' dir='ltr'>libenter</span> <span class='ocrx_word' id='word_1_12' title='bbox 881 400 884 405; x_wconf 95' lang='lat'>·</span> 
     </span>
     <span class='ocr_line' id='line_1_3' title="bbox 125 453 941 547; baseline 0.004 -32"><span class='ocrx_word' id='word_1_13' title='bbox 125 453 284 528; x_wconf 74' lang='lat' dir='ltr'>assuetus,</span> <span class='ocrx_word' id='word_1_14' title='bbox 299 456 409 537; x_wconf 87' lang='lat' dir='ltr'>raptim</span> <span class='ocrx_word' id='word_1_15' title='bbox 421 469 563 537; x_wconf 75' lang='lat' dir='ltr'>properat</span> <span class='ocrx_word' id='word_1_16' title='bbox 571 457 711 547; x_wconf 77' lang='lat' dir='ltr'>mandata</span> <span class='ocrx_word' id='word_1_17' title='bbox 724 470 871 538; x_wconf 81' lang='lat' dir='ltr'>patrare:</span> <span class='ocrx_word' id='word_1_18' title='bbox 938 476 941 481; x_wconf 87' lang='lat'>·</span> 
     </span>
    </p>
   </div>
   <div class='ocr_carea' id='block_1_3' title="bbox 127 543 966 1003">
    <p class='ocr_par' dir='ltr' id='par_1_3' title="bbox 127 543 966 815">
     <span class='ocr_line' id='line_1_4' title="bbox 128 543 966 632; baseline 0.008 -26"><span class='ocrx_word' id='word_1_19' title='bbox 128 543 189 607; x_wconf 88' lang='lat' dir='ltr'>Sed</span> <span class='ocrx_word' id='word_1_20' title='bbox 199 569 268 609; x_wconf 90' lang='lat' dir='ltr'>cum</span> <span class='ocrx_word' id='word_1_21' title='bbox 279 548 471 629; x_wconf 72' lang='lat' dir='ltr'><strong>dispositam,</strong></span> <span class='ocrx_word' id='word_1_22' title='bbox 484 569 544 629; x_wconf 91' lang='lat' dir='ltr'>quo</span> <span class='ocrx_word' id='word_1_23' title='bbox 554 552 677 632; x_wconf 79' lang='lat' dir='ltr'>jusserat</span> <span class='ocrx_word' id='word_1_24' title='bbox 689 550 818 626; x_wconf 87' lang='lat' dir='ltr'>ordine,</span> <span class='ocrx_word' id='word_1_25' title='bbox 833 562 920 613; x_wconf 71' lang='lat' dir='ltr'>terro</span> <span class='ocrx_word' id='word_1_26' title='bbox 963 556 966 563; x_wconf 91' lang='lat'>&#39;</span> 
     </span>
     <span class='ocr_line' id='line_1_5' title="bbox 128 637 852 725; baseline 0.004 -25"><span class='ocrx_word' id='word_1_27' title='bbox 128 637 284 701; x_wconf 80' lang='lat' dir='ltr'>stravisset</span> <span class='ocrx_word' id='word_1_28' title='bbox 294 641 421 716; x_wconf 86' lang='lat' dir='ltr'>seriem,</span> <span class='ocrx_word' id='word_1_29' title='bbox 434 641 532 703; x_wconf 85' lang='lat' dir='ltr'>subito</span> <span class='ocrx_word' id='word_1_30' title='bbox 542 662 647 703; x_wconf 83' lang='lat' dir='ltr'>manus</span> <span class='ocrx_word' id='word_1_31' title='bbox 657 642 772 725; x_wconf 80' lang='lat' dir='ltr'>ingruit</span> <span class='ocrx_word' id='word_1_32' title='bbox 782 655 852 703; x_wconf 83' lang='lat' dir='ltr'>atra</span> 
     </span>
     <span class='ocr_line' id='line_1_6' title="bbox 127 730 861 815; baseline 0.007 -23"><span class='ocrx_word' id='word_1_33' title='bbox 127 730 372 814; x_wconf 83' lang='lat' dir='ltr'>importunarum</span> <span class='ocrx_word' id='word_1_34' title='bbox 382 736 514 815; x_wconf 73' lang='lat' dir='ltr'>predam</span> <span class='ocrx_word' id='word_1_35' title='bbox 527 735 666 798; x_wconf 84' lang='lat' dir='ltr'>insectata</span> <span class='ocrx_word' id='word_1_36' title='bbox 674 734 861 813; x_wconf 81' lang='lat' dir='ltr'>volucrum,</span> 
     </span>
    </p>

    <p class='ocr_par' dir='ltr' id='par_1_4' title="bbox 128 826 931 1003">
     <span class='ocr_line' id='line_1_7' title="bbox 129 826 828 909; baseline 0.007 -24"><span class='ocrx_word' id='word_1_37' title='bbox 129 826 208 905; x_wconf 82' lang='lat' dir='ltr'>Quae</span> <span class='ocrx_word' id='word_1_38' title='bbox 220 847 259 886; x_wconf 91' lang='lat' dir='ltr'>ne</span> <span class='ocrx_word' id='word_1_39' title='bbox 273 839 410 889; x_wconf 81' lang='lat' dir='ltr'>contactu</span> <span class='ocrx_word' id='word_1_40' title='bbox 421 826 567 890; x_wconf 86' lang='lat' dir='ltr'>violarent</span> <span class='ocrx_word' id='word_1_41' title='bbox 579 848 661 890; x_wconf 84' lang='lat' dir='ltr'>sacra</span> <span class='ocrx_word' id='word_1_42' title='bbox 673 829 828 909; x_wconf 85' lang='lat' dir='ltr'>pmsauo,</span> 
     </span>
     <span class='ocr_line' id='line_1_8' title="bbox 128 917 931 1003; baseline 0.006 -25"><span class='ocrx_word' id='word_1_43' title='bbox 128 917 273 1000; x_wconf 82' lang='lat' dir='ltr'>Undique</span> <span class='ocrx_word' id='word_1_44' title='bbox 281 919 425 981; x_wconf 81' lang='lat' dir='ltr'>sollicitus</span> <span class='ocrx_word' id='word_1_45' title='bbox 436 933 534 996; x_wconf 82' lang='lat' dir='ltr'>cavet,</span> <span class='ocrx_word' id='word_1_46' title='bbox 547 934 578 983; x_wconf 88' lang='lat' dir='ltr'>et</span> <span class='ocrx_word' id='word_1_47' title='bbox 589 923 797 1003; x_wconf 74' lang='lat' dir='ltr'>circumspicit</span> <span class='ocrx_word' id='word_1_48' title='bbox 809 922 931 985; x_wconf 80' lang='lat' dir='ltr'>Abram</span> 
     </span>
    </p>
   </div>
   <div class='ocr_carea' id='block_1_4' title="bbox 23 1009 953 1093">
    <p class='ocr_par' dir='ltr' id='par_1_5' title="bbox 23 1009 953 1093">
     <span class='ocr_line' id='line_1_9' title="bbox 23 1009 953 1093; baseline 0.006 -21"><span class='ocrx_word' id='word_1_49' title='bbox 23 1078 27 1087; x_wconf 57' lang='grc'>,</span> <span class='ocrx_word' id='word_1_50' title='bbox 127 1009 188 1073; x_wconf 84' lang='lat' dir='ltr'>Sed</span> <span class='ocrx_word' id='word_1_51' title='bbox 202 1034 270 1075; x_wconf 89' lang='lat' dir='ltr'>cum</span> <span class='ocrx_word' id='word_1_52' title='bbox 283 1034 375 1093; x_wconf 91' lang='lat' dir='ltr'>opere</span> <span class='ocrx_word' id='word_1_53' title='bbox 388 1015 546 1076; x_wconf 88' lang='lat' dir='ltr'>attonitum</span> <span class='ocrx_word' id='word_1_54' title='bbox 556 1028 656 1091; x_wconf 87' lang='lat' dir='ltr'>tanto,</span> <span class='ocrx_word' id='word_1_55' title='bbox 668 1036 724 1077; x_wconf 84' lang='lat' dir='ltr'>nec</span> <span class='ocrx_word' id='word_1_56' title='bbox 736 1014 806 1076; x_wconf 89' lang='lat' dir='ltr'>sole</span> <span class='ocrx_word' id='word_1_57' title='bbox 818 1018 953 1093; x_wconf 78' lang='lat' dir='ltr'>cadente,</span> 
     </span>
    </p>
   </div>
   <div class='ocr_carea' id='block_1_5' title="bbox 124 1104 973 3151">
    <p class='ocr_par' dir='ltr' id='par_1_6' title="bbox 124 1104 973 2125">
     <span class='ocr_line' id='line_1_10' title="bbox 124 1104 825 1192; baseline 0.006 -26"><span class='ocrx_word' id='word_1_58' title='bbox 124 1104 271 1169; x_wconf 83' lang='lat' dir='ltr'>Vinceret</span> <span class='ocrx_word' id='word_1_59' title='bbox 284 1106 376 1168; x_wconf 85' lang='lat' dir='ltr'>officii</span> <span class='ocrx_word' id='word_1_60' title='bbox 387 1108 553 1169; x_wconf 88' lang='lat' dir='ltr'>molestam</span> <span class='ocrx_word' id='word_1_61' title='bbox 564 1128 671 1192; x_wconf 85' lang='lat' dir='ltr'>magna</span> <span class='ocrx_word' id='word_1_62' title='bbox 685 1110 802 1190; x_wconf 81' lang='lat' dir='ltr'>recepti</span> <span class='ocrx_word' id='word_1_63' title='bbox 815 1134 825 1170; x_wconf 76' lang='grc' dir='ltr'><strong><em>ι</em></strong></span> 
     </span>
     <span class='ocr_line' id='line_1_11' title="bbox 124 1198 963 1285; baseline 0.005 -24"><span class='ocrx_word' id='word_1_64' title='bbox 124 1198 207 1263; x_wconf 85' lang='lat' dir='ltr'>Ecce</span> <span class='ocrx_word' id='word_1_65' title='bbox 220 1201 304 1283; x_wconf 80' lang='lat' dir='ltr'>niger</span> <span class='ocrx_word' id='word_1_66' title='bbox 316 1213 428 1276; x_wconf 89' lang='lat' dir='ltr'>terror,</span> <span class='ocrx_word' id='word_1_67' title='bbox 440 1215 554 1263; x_wconf 84' lang='lat' dir='ltr'>tremor</span> <span class='ocrx_word' id='word_1_68' title='bbox 564 1202 717 1277; x_wconf 80' lang='lat' dir='ltr'>horridus,</span> <span class='ocrx_word' id='word_1_69' title='bbox 730 1216 763 1263; x_wconf 89' lang='lat' dir='ltr'>et</span> <span class='ocrx_word' id='word_1_70' title='bbox 774 1224 875 1285; x_wconf 85' lang='lat' dir='ltr'>sopor</span> <span class='ocrx_word' id='word_1_71' title='bbox 887 1204 963 1265; x_wconf 76' lang='lat' dir='ltr'>intrat</span> 
     </span>
     <span class='ocr_line' id='line_1_12' title="bbox 125 1291 917 1375; baseline 0.004 -19"><span class='ocrx_word' id='word_1_72' title='bbox 125 1291 243 1356; x_wconf 83' lang='lat' dir='ltr'>Nuntia</span> <span class='ocrx_word' id='word_1_73' title='bbox 254 1296 330 1375; x_wconf 87' lang='lat' dir='ltr'>jussa</span> <span class='ocrx_word' id='word_1_74' title='bbox 339 1294 454 1371; x_wconf 81' lang='lat' dir='ltr'>ferens,</span> <span class='ocrx_word' id='word_1_75' title='bbox 466 1308 648 1375; x_wconf 78' lang='lat' dir='ltr'>venturaque</span> <span class='ocrx_word' id='word_1_76' title='bbox 656 1295 758 1357; x_wconf 80' lang='lat' dir='ltr'>secula</span> <span class='ocrx_word' id='word_1_77' title='bbox 767 1296 917 1359; x_wconf 81' lang='lat' dir='ltr'>formans.</span> 
     </span>
     <span class='ocr_line' id='line_1_13' title="bbox 128 1387 878 1470; baseline 0.001 -18"><span class='ocrx_word' id='word_1_78' title='bbox 128 1387 247 1463; x_wconf 77' lang='lat' dir='ltr'>Credo,</span> <span class='ocrx_word' id='word_1_79' title='bbox 261 1389 414 1450; x_wconf 85' lang='lat' dir='ltr'>ridebatur</span> <span class='ocrx_word' id='word_1_80' title='bbox 422 1402 540 1470; x_wconf 89' lang='lat' dir='ltr'>septum</span> <span class='ocrx_word' id='word_1_81' title='bbox 552 1390 610 1451; x_wconf 85' lang='lat' dir='ltr'>sibi</span> <span class='ocrx_word' id='word_1_82' title='bbox 621 1410 745 1453; x_wconf 84' lang='lat' dir='ltr'>eernere</span> <span class='ocrx_word' id='word_1_83' title='bbox 757 1388 878 1453; x_wconf 84' lang='lat' dir='ltr'>Nilum</span> 
     </span>
     <span class='ocr_line' id='line_1_14' title="bbox 128 1480 825 1564; baseline 0.001 -21"><span class='ocrx_word' id='word_1_84' title='bbox 128 1480 261 1544; x_wconf 82' lang='lat' dir='ltr'>Hebreae</span> <span class='ocrx_word' id='word_1_85' title='bbox 273 1483 367 1564; x_wconf 91' lang='lat' dir='ltr'>gentis</span> <span class='ocrx_word' id='word_1_86' title='bbox 379 1482 511 1563; x_wconf 88' lang='lat' dir='ltr'>populo,</span> <span class='ocrx_word' id='word_1_87' title='bbox 525 1503 664 1562; x_wconf 88' lang='lat' dir='ltr'>serosque</span> <span class='ocrx_word' id='word_1_88' title='bbox 676 1496 825 1563; x_wconf 77' lang='lat' dir='ltr'>nepotes,</span> 
     </span>
     <span class='ocr_line' id='line_1_15' title="bbox 126 1574 924 1660; baseline 0.003 -23"><span class='ocrx_word' id='word_1_89' title='bbox 126 1574 323 1658; x_wconf 87' lang='lat' dir='ltr'>lugentesque</span> <span class='ocrx_word' id='word_1_90' title='bbox 334 1595 425 1656; x_wconf 81' lang='lat' dir='ltr'>supra</span> <span class='ocrx_word' id='word_1_91' title='bbox 435 1597 594 1637; x_wconf 89' lang='lat' dir='ltr'>numerum</span> <span class='ocrx_word' id='word_1_92' title='bbox 606 1596 786 1660; x_wconf 82' lang='lat' dir='ltr'>cognoscere</span> <span class='ocrx_word' id='word_1_93' title='bbox 794 1578 924 1641; x_wconf 82' lang='lat' dir='ltr'>turbas:</span> 
     </span>
     <span class='ocr_line' id='line_1_16' title="bbox 126 1665 898 1750; baseline 0.008 -23"><span class='ocrx_word' id='word_1_94' title='bbox 126 1665 202 1728; x_wconf 91' lang='lat' dir='ltr'>lnde</span> <span class='ocrx_word' id='word_1_95' title='bbox 215 1681 312 1731; x_wconf 84' lang='lat' dir='ltr'>truces</span> <span class='ocrx_word' id='word_1_96' title='bbox 323 1681 437 1744; x_wconf 82' lang='lat' dir='ltr'>motus,</span> <span class='ocrx_word' id='word_1_97' title='bbox 451 1670 633 1750; x_wconf 85' lang='lat' dir='ltr'>deductaque</span> <span class='ocrx_word' id='word_1_98' title='bbox 643 1683 736 1731; x_wconf 85' lang='lat' dir='ltr'>castra</span> <span class='ocrx_word' id='word_1_99' title='bbox 748 1691 898 1747; x_wconf 89' lang='lat' dir='ltr'>suorum,</span> 
     </span>
     <span class='ocr_line' id='line_1_17' title="bbox 127 1758 973 1845; baseline 0.009 -24"><span class='ocrx_word' id='word_1_100' title='bbox 127 1758 348 1822; x_wconf 82' lang='lat' dir='ltr'>Transmissum</span> <span class='ocrx_word' id='word_1_101' title='bbox 360 1761 480 1845; x_wconf 88' lang='lat' dir='ltr'>pelagus</span> <span class='ocrx_word' id='word_1_102' title='bbox 491 1763 573 1825; x_wconf 82' lang='lat' dir='ltr'>sicco</span> <span class='ocrx_word' id='word_1_103' title='bbox 584 1764 678 1844; x_wconf 85' lang='lat' dir='ltr'>pede,</span> <span class='ocrx_word' id='word_1_104' title='bbox 692 1784 791 1825; x_wconf 76' lang='lat' dir='ltr'>mersa</span> <span class='ocrx_word' id='word_1_105' title='bbox 802 1764 973 1845; x_wconf 80' lang='lat' dir='ltr'>profundo.</span> 
     </span>
     <span class='ocr_line' id='line_1_18' title="bbox 127 1855 917 1939; baseline 0.004 -23"><span class='ocrx_word' id='word_1_106' title='bbox 127 1855 273 1938; x_wconf 84' lang='lat' dir='ltr'>Agmina,</span> <span class='ocrx_word' id='word_1_107' title='bbox 287 1856 472 1939; x_wconf 75' lang='lat' dir='ltr'>naufragium</span> <span class='ocrx_word' id='word_1_108' title='bbox 484 1856 567 1917; x_wconf 81' lang='lat' dir='ltr'>nulla</span> <span class='ocrx_word' id='word_1_109' title='bbox 579 1878 646 1919; x_wconf 87' lang='lat' dir='ltr'>cum</span> <span class='ocrx_word' id='word_1_110' title='bbox 657 1856 752 1919; x_wconf 82' lang='lat' dir='ltr'>classe</span> <span class='ocrx_word' id='word_1_111' title='bbox 761 1865 917 1935; x_wconf 82' lang='lat' dir='ltr'>secutum,</span> 
     </span>
     <span class='ocr_line' id='line_1_19' title="bbox 126 1948 891 2029; baseline 0.008 -20"><span class='ocrx_word' id='word_1_112' title='bbox 126 1948 317 2029; x_wconf 88' lang='lat' dir='ltr'>Ereptosque</span> <span class='ocrx_word' id='word_1_113' title='bbox 329 1952 405 2009; x_wconf 84' lang='lat' dir='ltr'>mari</span> <span class='ocrx_word' id='word_1_114' title='bbox 421 1950 583 2026; x_wconf 81' lang='lat' dir='ltr'>Hebraeos‚</span> <span class='ocrx_word' id='word_1_115' title='bbox 598 1951 704 2012; x_wconf 87' lang='lat' dir='ltr'>dehinc</span> <span class='ocrx_word' id='word_1_116' title='bbox 715 1963 778 2011; x_wconf 87' lang='lat' dir='ltr'>tota</span> <span class='ocrx_word' id='word_1_117' title='bbox 791 1952 891 2017; x_wconf 81' lang='lat' dir='ltr'>bealae</span> 
     </span>
     <span class='ocr_line' id='line_1_20' title="bbox 128 2038 806 2125; baseline 0.001 -22"><span class='ocrx_word' id='word_1_118' title='bbox 128 2040 233 2125; x_wconf 82' lang='lat' dir='ltr'>Regna</span> <span class='ocrx_word' id='word_1_119' title='bbox 246 2038 399 2102; x_wconf 77' lang='lat' dir='ltr'>Palestinae</span> <span class='ocrx_word' id='word_1_120' title='bbox 412 2043 526 2124; x_wconf 90' lang='lat' dir='ltr'>pupulo</span> <span class='ocrx_word' id='word_1_121' title='bbox 539 2044 668 2125; x_wconf 88' lang='lat' dir='ltr'>patuisse</span> <span class='ocrx_word' id='word_1_122' title='bbox 676 2064 806 2104; x_wconf 87' lang='lat' dir='ltr'>reverso.</span> 
     </span>
    </p>

    <p class='ocr_par' dir='ltr' id='par_1_7' title="bbox 126 2135 967 3151">
     <span class='ocr_line' id='line_1_21' title="bbox 168 2135 793 2209; baseline 0.003 -14"><span class='ocrx_word' id='word_1_123' title='bbox 168 2135 292 2197; x_wconf 78' lang='lat' dir='ltr'>Talibus</span> <span class='ocrx_word' id='word_1_124' title='bbox 305 2137 429 2197; x_wconf 88' lang='lat' dir='ltr'>attonito</span> <span class='ocrx_word' id='word_1_125' title='bbox 440 2138 509 2197; x_wconf 85' lang='lat' dir='ltr'>visis</span> <span class='ocrx_word' id='word_1_126' title='bbox 519 2157 582 2197; x_wconf 86' lang='lat' dir='ltr'>non</span> <span class='ocrx_word' id='word_1_127' title='bbox 594 2138 686 2197; x_wconf 75' lang='lat' dir='ltr'>deferit</span> <span class='ocrx_word' id='word_1_128' title='bbox 697 2136 793 2209; x_wconf 84' lang='lat' dir='ltr'>almus</span> 
     </span>
     <span class='ocr_line' id='line_1_22' title="bbox 126 2229 929 2310; baseline 0.004 -20"><span class='ocrx_word' id='word_1_129' title='bbox 126 2229 279 2310; x_wconf 70' lang='lat' dir='ltr'>interpres</span> <span class='ocrx_word' id='word_1_130' title='bbox 293 2254 300 2288; x_wconf 91' lang='lat'>:</span> <span class='ocrx_word' id='word_1_131' title='bbox 315 2229 470 2291; x_wconf 84' lang='lat' dir='ltr'>Praenosce</span> <span class='ocrx_word' id='word_1_132' title='bbox 481 2242 564 2303; x_wconf 89' lang='lat' dir='ltr'>tuos,</span> <span class='ocrx_word' id='word_1_133' title='bbox 578 2230 771 2308; x_wconf 76' lang='lat' dir='ltr'>sobolemque</span> <span class='ocrx_word' id='word_1_134' title='bbox 783 2243 929 2307; x_wconf 81' lang='lat' dir='ltr'>tuorum,</span> 
     </span>
     <span class='ocr_line' id='line_1_23' title="bbox 126 2320 830 2406; baseline 0.001 -24"><span class='ocrx_word' id='word_1_135' title='bbox 126 2320 244 2401; x_wconf 81' lang='lat' dir='ltr'>Inquit,</span> <span class='ocrx_word' id='word_1_136' title='bbox 260 2323 290 2382; x_wconf 89' lang='lat' dir='ltr'>iu</span> <span class='ocrx_word' id='word_1_137' title='bbox 304 2324 429 2383; x_wconf 82' lang='lat' dir='ltr'>externis</span> <span class='ocrx_word' id='word_1_138' title='bbox 442 2343 497 2403; x_wconf 90' lang='lat' dir='ltr'>per</span> <span class='ocrx_word' id='word_1_139' title='bbox 507 2323 605 2383; x_wconf 88' lang='lat' dir='ltr'>secula</span> <span class='ocrx_word' id='word_1_140' title='bbox 615 2336 740 2402; x_wconf 81' lang='lat' dir='ltr'>quatuor</span> <span class='ocrx_word' id='word_1_141' title='bbox 751 2324 830 2406; x_wconf 82' lang='lat' dir='ltr'>agris</span> 
     </span>
     <span class='ocr_line' id='line_1_24' title="bbox 127 2414 698 2498; baseline -0.005 -21"><span class='ocrx_word' id='word_1_142' title='bbox 127 2414 242 2477; x_wconf 82' lang='lat' dir='ltr'>Niliaci</span> <span class='ocrx_word' id='word_1_143' title='bbox 256 2414 334 2475; x_wconf 89' lang='lat' dir='ltr'>illius</span> <span class='ocrx_word' id='word_1_144' title='bbox 344 2436 496 2476; x_wconf 87' lang='lat' dir='ltr'>sensuram</span> <span class='ocrx_word' id='word_1_145' title='bbox 507 2415 571 2475; x_wconf 90' lang='lat' dir='ltr'>dira</span> <span class='ocrx_word' id='word_1_146' title='bbox 580 2416 698 2498; x_wconf 78' lang='lat' dir='ltr'>tyranni</span> 
     </span>
     <span class='ocr_line' id='line_1_25' title="bbox 127 2508 934 2591; baseline 0.002 -21"><span class='ocrx_word' id='word_1_147' title='bbox 127 2508 262 2590; x_wconf 88' lang='lat' dir='ltr'>lmperia</span> <span class='ocrx_word' id='word_1_148' title='bbox 275 2533 282 2568; x_wconf 74' lang='grc' dir='ltr'><strong><em>ε</em></strong></span> <span class='ocrx_word' id='word_1_149' title='bbox 296 2522 325 2568; x_wconf 83' lang='lat' dir='ltr'>at</span> <span class='ocrx_word' id='word_1_150' title='bbox 339 2530 407 2571; x_wconf 90' lang='lat' dir='ltr'>eum</span> <span class='ocrx_word' id='word_1_151' title='bbox 420 2523 464 2569; x_wconf 87' lang='lat' dir='ltr'>tot</span> <span class='ocrx_word' id='word_1_152' title='bbox 476 2511 632 2591; x_wconf 86' lang='lat' dir='ltr'>peregriua</span> <span class='ocrx_word' id='word_1_153' title='bbox 645 2509 806 2590; x_wconf 83' lang='lat' dir='ltr'>expleverit</span> <span class='ocrx_word' id='word_1_154' title='bbox 815 2528 934 2587; x_wconf 83' lang='lat' dir='ltr'>annos,</span> 
     </span>
     <span class='ocr_line' id='line_1_26' title="bbox 129 2602 911 2684; baseline -0.001 -18"><span class='ocrx_word' id='word_1_155' title='bbox 129 2602 259 2666; x_wconf 75' lang='lat' dir='ltr'>Servilio</span> <span class='ocrx_word' id='word_1_156' title='bbox 272 2603 414 2683; x_wconf 83' lang='lat' dir='ltr'>eripiam,</span> <span class='ocrx_word' id='word_1_157' title='bbox 426 2615 602 2684; x_wconf 85' lang='lat' dir='ltr'>gentemque</span> <span class='ocrx_word' id='word_1_158' title='bbox 615 2602 737 2664; x_wconf 86' lang='lat' dir='ltr'>ulciscar</span> <span class='ocrx_word' id='word_1_159' title='bbox 749 2603 887 2682; x_wconf 86' lang='lat' dir='ltr'>iniquam</span> <span class='ocrx_word' id='word_1_160' title='bbox 902 2628 911 2665; x_wconf 74' lang='grc' dir='ltr'><strong><em>ε</em></strong></span> 
     </span>
     <span class='ocr_line' id='line_1_27' title="bbox 127 2695 885 2777; baseline -0.001 -20"><span class='ocrx_word' id='word_1_161' title='bbox 127 2696 170 2757; x_wconf 89' lang='lat' dir='ltr'>Et</span> <span class='ocrx_word' id='word_1_162' title='bbox 183 2698 304 2757; x_wconf 86' lang='lat' dir='ltr'>reddam</span> <span class='ocrx_word' id='word_1_163' title='bbox 318 2696 420 2769; x_wconf 82' lang='lat' dir='ltr'>terris,</span> <span class='ocrx_word' id='word_1_164' title='bbox 433 2695 547 2755; x_wconf 89' lang='lat' dir='ltr'>blando</span> <span class='ocrx_word' id='word_1_165' title='bbox 557 2715 628 2773; x_wconf 88' lang='lat' dir='ltr'>quas</span> <span class='ocrx_word' id='word_1_166' title='bbox 639 2696 750 2777; x_wconf 88' lang='lat' dir='ltr'>gurgite</span> <span class='ocrx_word' id='word_1_167' title='bbox 761 2696 885 2777; x_wconf 83' lang='lat' dir='ltr'>cingunt</span> 
     </span>
     <span class='ocr_line' id='line_1_28' title="bbox 126 2789 915 2870; baseline -0.003 -19"><span class='ocrx_word' id='word_1_168' title='bbox 126 2790 218 2851; x_wconf 82' lang='lat' dir='ltr'>Nilus</span> <span class='ocrx_word' id='word_1_169' title='bbox 231 2804 259 2851; x_wconf 89' lang='lat' dir='ltr'>et</span> <span class='ocrx_word' id='word_1_170' title='bbox 270 2789 437 2870; x_wconf 86' lang='lat' dir='ltr'>Euphrates</span> <span class='ocrx_word' id='word_1_171' title='bbox 449 2812 456 2847; x_wconf 89' lang='lat'>:</span> <span class='ocrx_word' id='word_1_172' title='bbox 470 2789 522 2849; x_wconf 89' lang='lat' dir='ltr'>sed</span> <span class='ocrx_word' id='word_1_173' title='bbox 535 2810 603 2850; x_wconf 89' lang='lat' dir='ltr'>cum</span> <span class='ocrx_word' id='word_1_174' title='bbox 617 2802 736 2868; x_wconf 85' lang='lat' dir='ltr'>peccata</span> <span class='ocrx_word' id='word_1_175' title='bbox 748 2802 915 2849; x_wconf 88' lang='lat' dir='ltr'>nocentum</span> 
     </span>
     <span class='ocr_line' id='line_1_29' title="bbox 128 2882 967 2963; baseline 0 -19"><span class='ocrx_word' id='word_1_176' title='bbox 128 2882 237 2944; x_wconf 89' lang='lat' dir='ltr'>Gentis</span> <span class='ocrx_word' id='word_1_177' title='bbox 251 2882 452 2955; x_wconf 79' lang='lat' dir='ltr'>Amorrhaeae‚</span> <span class='ocrx_word' id='word_1_178' title='bbox 466 2883 629 2962; x_wconf 89' lang='lat' dir='ltr'>populique</span> <span class='ocrx_word' id='word_1_179' title='bbox 643 2883 707 2943; x_wconf 67' lang='lat' dir='ltr'>baec</span> <span class='ocrx_word' id='word_1_180' title='bbox 719 2901 809 2963; x_wconf 86' lang='lat' dir='ltr'>regua</span> <span class='ocrx_word' id='word_1_181' title='bbox 818 2883 967 2959; x_wconf 75' lang='lat' dir='ltr'>tenentis,</span> 
     </span>
     <span class='ocr_line' id='line_1_30' title="bbox 127 2974 923 3056; baseline 0.003 -21"><span class='ocrx_word' id='word_1_182' title='bbox 127 2974 285 3056; x_wconf 83' lang='lat' dir='ltr'>Expleriut</span> <span class='ocrx_word' id='word_1_183' title='bbox 297 2995 444 3035; x_wconf 86' lang='lat' dir='ltr'>summam</span> <span class='ocrx_word' id='word_1_184' title='bbox 456 2974 617 3050; x_wconf 79' lang='lat' dir='ltr'>scelerum,</span> <span class='ocrx_word' id='word_1_185' title='bbox 633 2975 771 3056; x_wconf 85' lang='lat' dir='ltr'>dignique</span> <span class='ocrx_word' id='word_1_186' title='bbox 783 2975 923 3055; x_wconf 71' lang='lat' dir='ltr'>paternis</span> 
     </span>
     <span class='ocr_line' id='line_1_31' title="bbox 129 3065 732 3151; baseline -0.003 -20"><span class='ocrx_word' id='word_1_187' title='bbox 129 3065 255 3133; x_wconf 82' lang='lat' dir='ltr'>Sedibus</span> <span class='ocrx_word' id='word_1_188' title='bbox 265 3068 372 3151; x_wconf 84' lang='lat' dir='ltr'>expelli</span> <span class='ocrx_word' id='word_1_189' title='bbox 382 3068 492 3133; x_wconf 78' lang='lat' dir='ltr'>fuerint</span> <span class='ocrx_word' id='word_1_190' title='bbox 504 3092 511 3127; x_wconf 74' lang='grc' dir='ltr'><strong><em>ε</em></strong></span> <span class='ocrx_word' id='word_1_191' title='bbox 523 3081 653 3131; x_wconf 86' lang='lat' dir='ltr'>attamen</span> <span class='ocrx_word' id='word_1_192' title='bbox 664 3080 732 3137; x_wconf 86' lang='lat' dir='ltr'>aute</span> 
     </span>
    </p>
   </div>
   <div class='ocr_carea' id='block_1_6' title="bbox 0 0 1014 3714">
    <p class='ocr_par' dir='ltr' id='par_1_8' title="bbox 0 0 1014 3714">
     <span class='ocr_line' id='line_1_32' title="bbox 0 0 1014 3714; baseline 0 0"><span class='ocrx_word' id='word_1_193' title='bbox 0 0 1014 3714; x_wconf 95' lang='lat' dir='ltr'> </span> 
     </span>
    </p>
   </div>
  </div>
 </body>
</html>
