2018 3714
72 274 134 359 370
328 280 452 337 trunti
475 278 707 337 vtcronuet
834 264 910 328 titt
943 271 949 306 ²

75 378 270 457 Servatosque
281 374 396 436 enimes
407 376 517 436 iterum
528 374 562 436 in
575 394 658 435 nora
672 373 784 435 viscere
795 371 887 433 rellet
942 394 949 428 .·

74 468 136 531 set
149 490 188 530 ne
199 470 278 530 lorte
290 481 390 530 tamen
403 469 526 551 rapidus
536 481 568 530 te
580 478 697 529 terreat
706 465 797 550 ignis,

72 562 216 626 Fratrum
228 584 313 625 sume
325 563 462 637 animos,
473 576 684 641 aeternumque
698 560 812 643 inspice
822 578 908 619 nunu

115 658 138 717 J
140 678 206 717 ussa
216 656 303 731 lecit,
318 655 481 735 tacitusque
493 655 600 718 Denrn
612 667 759 729 testatus,
770 666 800 714 et
811 665 869 713 orat

76 748 237 811 Murmure
248 770 307 829 qno
320 760 439 829 poterut
450 791 460 824 ‚
472 769 604 830 puerum
616 767 682 809 non
692 747 821 829 impedit
831 757 899 820 etas,

75 843 217 924 Amplius
228 842 307 902 hand
319 842 406 902 timet
418 842 470 903 ille
483 861 610 916 necem,
623 841 779 921 matrique
791 838 890 902 volenti

77 934 201 1009 Paruit,
217 948 247 995 et
260 934 339 997 dicto
351 935 438 996 citius
449 935 632 1017 superirruit
642 933 731 1019 ignis.

120 1026 282 1090 Cesserunt
294 1026 444 1104 flamme,
457 1028 544 1091 cessit
558 1026 649 1089 dolor
663 1024 786 1100 omnis,
799 1036 828 1086 et
839 1043 888 1087 unt

80 1118 202 1201 Corpus
215 1132 244 1181 et
257 1119 333 1203 ignis
345 1134 425 1198 erat,
439 1140 550 1201 corpus
562 1131 759 1202 superaverat
771 1118 880 1202 ignem,

80 1210 211 1293 Spiritus
222 1228 290 1275 aute
304 1228 404 1275 temen
415 1213 548 1294 placidas
558 1225 754 1295 superaverat
764 1231 856 1272 nurus.

119 1305 204 1367 Laets
215 1307 297 1367 dolet
307 1309 395 1370 tacite
408 1321 521 1383 mater,
532 1306 703 1388 pressitque
716 1304 856 1366 dolorem

78 1396 216 1475 tuoto,
230 1400 383 1481 luctusque
394 1422 464 1463 suos
476 1400 628 1484 iugandis
640 1401 754 1474 vertit,

79 1493 155 1554 Non
168 1497 205 1556 de
218 1496 392 1576 praeteritis,
405 1496 457 1557 sed
469 1496 506 1556 tle
518 1493 688 1575 puerilibus
699 1492 789 1554 annis

81 1586 147 1664 Qui
158 1601 317 1669 superant,
330 1610 369 1651 ne
379 1590 459 1652 lorte
469 1602 598 1673 negent,
615 1608 657 1651 ne
671 1588 752 1653 lorte
765 1588 897 1648 timoren

82 1678 268 1762 Concipinnt
279 1682 409 1759 animis,
422 1682 544 1766 regique
554 1683 699 1744 accedere
711 1681 830 1742 malint.

82 1770 157 1849 Qno
170 1775 272 1854 rninor
285 1788 328 1837 est
340 1789 427 1852 ntes,
440 1778 540 1859 major
550 1787 669 1850 metus,
685 1774 775 1835 anxia
787 1792 881 1835 secum

80 1865 201 1928 Dividit
214 1881 243 1928 et
256 1889 359 1942 curas,
368 1883 404 1930 et
415 1890 483 1950 spes
494 1912 504 1944 ,
518 1881 548 1930 et
559 1868 602 1930 sic
613 1868 713 1928 timor
723 1886 789 1927 una

83 1959 265 2036 Luctantur,
278 1961 440 2040 matrisque
453 1962 511 2042 pioe
520 1982 577 2042 per
589 1960 704 2022 viscera
715 1970 845 2022 cursant.

86 2053 164 2136 Spes
177 2068 277 2115 tamen
291 2068 334 2116 est
347 2055 474 2128 melior,
488 2068 591 2115 natum
604 2067 635 2114 ut
645 2055 821 2134 producere
832 2050 906 2124 vidit,

85 2147 126 2208 Et
140 2149 246 2231 procul
261 2149 442 2209 intrantem':
459 2147 590 2209 Videam
603 2147 675 2227 quid
689 2148 788 2228 possit
802 2147 833 2206 in
845 2146 892 2205 isto

88 2240 164 2323 Spes
178 2243 315 2305 conferre
329 2243 422 2317 mihi,
436 2242 533 2303 vultus
546 2262 707 2325 agnoscere
720 2255 844 2301 nostros

57 2333 61 2339 ’
87 2335 189 2396 Debet
201 2349 230 2395 et
243 2336 311 2411 hic,
326 2336 451 2396 fratrum
465 2348 494 2396 et
504 2355 631 2396 numero
645 2354 757 2416 parcre
769 2353 898 2395 suornm.

86 2426 226 2488 Forsitan
239 2430 318 2491 hunc
331 2430 427 2490 solum
441 2429 569 2510 puerilia
583 2441 707 2509 pectora
721 2440 863 2510 tangent,

89 2519 272 2602 Indigneque
286 2523 361 2583 seret
376 2525 455 2602 quod
469 2522 512 2584 sic
524 2522 604 2583 velut
616 2521 713 2582 hostia
727 2522 827 2580 detur.

89 2615 254 2694 Alloquor,
267 2629 297 2677 et
310 2617 411 2697 paucis
425 2616 557 2677 conabor
571 2615 669 2676 dicere
685 2615 809 2689 verbis,

92 2707 138 2767 Sit
152 2730 271 2769 mernor
284 2722 315 2769 ut
328 2711 427 2791 potius
440 2709 572 2792 generis,
587 2728 678 2787 quam
696 2707 849 2789 temporis
860 2705 940 2787 hujus

92 2799 127 2860 si
139 2814 167 2862 te
180 2802 319 2864 nobilitas
332 2804 465 2886 generis,
480 2805 505 2864 si
516 2804 611 2886 tangit
624 2804 729 2885 origo,

91 2891 221 2972 Respice
235 2907 301 2956 nate
315 2909 396 2971 tuos,
412 2909 442 2956 et
455 2916 513 2957 nos
526 2916 646 2976 quoque
660 2896 779 2976 respice
793 2908 870 2957 nate.

91 2984 168 3045 Noli
181 3008 275 3049 annos
287 3009 456 3051 memorare
469 3004 553 3066 tuos,
564 3012 640 3071 puer
652 2990 753 3070 incipe
767 3009 874 3050 verum

93 3074 219 3141 Pectore
234 3081 311 3143 serre
326 3081 447 3159 Deum,
461 3085 577 3147 tradent
587 3085 645 3146 hoc
659 3083 760 3146 secuta
772 3082 860 3145 seclis
869 3124 885 3159 ,.
