2046 3712
141 189 203 255 258
448 194 477 245 e
494 192 529 243 v,
547 195 578 245 Α.
594 192 751 247 tuvunct
905 202 929 245 r.
941 202 986 269 top

141 296 219 357 liaec
228 293 260 353 in
271 288 414 373 primitiis
425 287 591 349 tentamina
600 307 694 369 parva
704 286 880 371 manebunt.
977 282 981 299 '

141 386 313 447 Prodentur
324 380 411 441 multi
423 392 570 455 vestrum,
582 379 724 460 lethoque
737 380 904 458 dabuntur,
936 382 940 387 '

141 479 264 558 Proque
276 496 347 537 meo
360 476 446 535 robis
464 476 638 536 incumbere
650 475 779 537 nomine
790 488 893 559 gentes

142 570 334 644 Tor-mentis,
345 570 500 650 poenisqne
511 568 598 641 ieris,
612 569 750 647 odiisque
760 582 938 633 secesserat.

142 662 238 725 Liror
249 664 338 723 enim
345 663 448 735 terris,
460 663 613 723 erroribus
625 663 729 723 omnia
742 662 856 745 plena,

142 756 188 818 Et
198 757 263 819 lalsi
275 769 395 839 surgent
407 756 590 838 populomm
601 756 670 818 labe
685 755 859 838 Propbetae.

143 849 221 912 Haeo
233 851 312 911 inter
322 852 347 909 si
360 850 426 928 quis
436 862 605 930 protectum
616 848 770 911 avnlnere
780 862 898 931 pectus.
968 868 972 873 '

144 945 196 1005 Ad
208 944 300 1003 finem
312 962 429 1003 serrare
442 954 548 1021 queat,
562 941 703 1003 sublimia
714 942 799 1005 lucit.

144 1033 287 1101 fflternis
297 1036 364 1097 ritae
375 1037 462 1095 sertis
472 1035 746 1099 redimitusadibit.

147 1130 323 1212 Regnorum
341 1128 407 1191 coeli
421 1128 584 1190 celebratio
595 1128 790 1210 pervolitabit

145 1223 184 1284 ln
195 1234 314 1284 cunctas
325 1234 413 1283 terrae
424 1234 535 1293 metas;
549 1242 621 1305 gens
632 1223 734 1289 omnis
744 1222 886 1285 habebit»

145 1314 270 1377 Testem
283 1314 405 1377 lncilluo
416 1327 524 1377 sauctae
536 1336 677 1377 sermone
687 1316 810 1377 salutis:

145 1408 189 1469 Et
204 1422 276 1471 tunc
287 1409 354 1469 finis
367 1409 440 1482 erit,
454 1410 602 1470 currentia
615 1410 714 1472 secula
725 1409 862 1473 solvens.

145 1502 296 1565 Adveniet
304 1505 443 1584 jamtum
452 1503 543 1563 tristis
555 1503 684 1565 delectio
694 1516 804 1581 tertre,

149 1595 255 1675 Quam
268 1594 405 1656 Danielis
416 1594 614 1677 habeutjnssa
624 1597 780 1659 verissima
791 1618 917 1661 vocem

148 1686 228 1751 Haec
241 1690 346 1770 dignus
356 1700 472 1748 tantum
484 1689 597 1770 poterit
607 1709 788 1772 cognoscere
799 1690 906 1755 lector.
944 1762 947 1767 ,

148 1780 255 1841 Judaa
266 1781 353 1862 longe
365 1781 492 1863 fugiant,
510 1795 687 1862 montesque
706 1780 880 1864 capessant,

148 1874 180 1934 N
184 1896 218 1935 ec
228 1874 382 1953 quisquam
396 1876 535 1936 domibus
547 1888 661 1956 repetat
672 1876 829 1937 sustollere
840 1898 953 1951 secum,

150 1967 228 2046 Quae
235 1969 301 2049 luga
309 1970 477 2042 consociet,
491 1982 656 2043 vestemve,
670 1970 844 2031 aut-mobile
855 1972 987 2050 quidquan

148 2060 306 2121 Dellendae
317 2063 377 2142 jam
391 2075 456 2120 sunt
471 2064 547 2122 uteri
559 2084 626 2124 cnm
641 2065 776 2143 pondere
792 2077 918 2139 matres,

148 2150 189 2213 Et
203 2155 328 2214 miseros
342 2154 417 2214 letus
426 2154 505 2216 dulci
519 2178 584 2236 quae
596 2156 671 2216 laete
685 2157 831 2237 rigabunt.

149 2244 268 2307 l’oscite
282 2251 342 2329 jam
356 2248 514 2327 precibus,
534 2250 623 2308 tristis
635 2270 673 2308 ne
686 2237 798 2333 frigore
808 2250 924 2313 brume

147 2339 297 2399 Adveniat
307 2341 372 2422 luga
387 2353 483 2400 vestra
493 2354 612 2415 tamen,
627 2364 685 2401 neu
698 2345 821 2404 sabbata
832 2344 912 2406 lesta-

149 2431 271 2512 Auceps
284 2434 431 2513 praecipiti
445 2435 544 2494 turbet
556 2436 714 2514 trepidatio
726 2458 822 2498 cursu.

148 2522 231 2607 Nam
244 2528 355 2586 cunctis
367 2528 486 2587 venient
498 2530 658 2587 saevissima
668 2532 803 2608 pondera
816 2534 914 2594 terris.

149 2617 224 2677 'l'ale
239 2618 350 2677 malum
362 2640 423 2680 non
436 2620 513 2681 secla
526 2622 629 2700 prius,
652 2643 712 2682 nee
720 2638 840 2702 postera
854 2639 963 2688 norunt

149 2709 192 2769 Et
205 2713 237 2770 ni
248 2714 382 2773 sublimis
393 2717 509 2795 genitor
522 2706 683 2794 decerpere
696 2729 830 2796 tempus,

149 2800 190 2862 Et
203 2827 363 2866 numerum
375 2808 518 2865 miserans
530 2806 619 2866 vellet
631 2809 766 2869 breviare
780 2812 913 2887 dierum,

148 2894 243 2957 Nulla
257 2900 363 2961 debinc
377 2902 499 2980 trepidae
511 2915 685 2980 superarent
698 2922 827 2982 corpora
837 2907 913 2967 vita.

151 2986 211 3049 Sed
225 3006 350 3074 propter
362 2993 455 3056 lectos
468 2993 567 3056 veniet
578 2996 730 3058 miseratio
740 2998 842 3078 justos.
