<?xml version="1.0" encoding="UTF-8"?>
<!DOCTYPE html PUBLIC "-//W3C//DTD XHTML 1.0 Transitional//EN"
    "http://www.w3.org/TR/xhtml1/DTD/xhtml1-transitional.dtd">
<html xmlns="http://www.w3.org/1999/xhtml" xml:lang="en" lang="en">
 <head>
  <title>
</title>
<meta http-equiv="Content-Type" content="text/html;charset=utf-8" />
  <meta name='ocr-system' content='tesseract 3.04.00' />
  <meta name='ocr-capabilities' content='ocr_page ocr_carea ocr_par ocr_line ocrx_word'/>
</head>
<body>
  <div class='ocr_page' id='page_1' title='image "./qsflorentistert00tertgoog_0374.png"; bbox 0 0 2046 3712; ppageno 0'>
   <div class='ocr_carea' id='block_1_1' title="bbox 185 281 692 407">
    <p class='ocr_par' dir='ltr' id='par_1_1' title="bbox 185 281 692 407">
     <span class='ocr_line' id='line_1_1' title="bbox 185 281 692 407; baseline -0.002 -41"><span class='ocrx_word' id='word_1_1' title='bbox 185 282 245 366; x_wconf 88' lang='lat' dir='ltr'>M.</span> <span class='ocrx_word' id='word_1_2' title='bbox 286 281 621 395; x_wconf 85' lang='lat' dir='ltr'>VICTORINI</span> <span class='ocrx_word' id='word_1_3' title='bbox 680 388 692 407; x_wconf 34' lang='grc' dir='ltr'>ἢ</span> 
     </span>
    </p>
   </div>
   <div class='ocr_carea' id='block_1_2' title="bbox 376 612 436 665">
    <p class='ocr_par' dir='ltr' id='par_1_2' title="bbox 376 612 436 665">
     <span class='ocr_line' id='line_1_2' title="bbox 376 612 436 665; baseline -0.017 0"><span class='ocrx_word' id='word_1_4' title='bbox 376 612 436 665; x_wconf 86' lang='lat' dir='ltr'>DE</span> 
     </span>
    </p>
   </div>
   <div class='ocr_carea' id='block_1_3' title="bbox 46 866 825 1051">
    <p class='ocr_par' dir='ltr' id='par_1_3' title="bbox 46 866 825 1051">
     <span class='ocr_line' id='line_1_3' title="bbox 46 866 825 1051; baseline 0.001 -23"><span class='ocrx_word' id='word_1_5' title='bbox 46 866 825 1051; x_wconf 63' lang='lat' dir='ltr'>urumtummmrs</span> 
     </span>
    </p>
   </div>
   <div class='ocr_carea' id='block_1_4' title="bbox 291 1257 526 1314">
    <p class='ocr_par' dir='ltr' id='par_1_4' title="bbox 291 1257 526 1314">
     <span class='ocr_line' id='line_1_4' title="bbox 291 1257 526 1314; baseline 0.004 -5"><span class='ocrx_word' id='word_1_6' title='bbox 291 1257 526 1314; x_wconf 62' lang='lat' dir='ltr'>CARMEK</span> 
     </span>
    </p>
   </div>
   <div class='ocr_carea' id='block_1_5' title="bbox 47 1571 782 3139">
    <p class='ocr_par' dir='ltr' id='par_1_5' title="bbox 47 1571 674 1661">
     <span class='ocr_line' id='line_1_5' title="bbox 47 1571 674 1661; baseline 0.002 -23"><span class='ocrx_word' id='word_1_7' title='bbox 47 1575 117 1645; x_wconf 79' lang='lat' dir='ltr'>:fuit</span> <span class='ocrx_word' id='word_1_8' title='bbox 128 1572 293 1661; x_wconf 71' lang='lat' dir='ltr'><strong>Antiochus</strong></span> <span class='ocrx_word' id='word_1_9' title='bbox 307 1571 402 1659; x_wconf 75' lang='lat' dir='ltr'>Syriae</span> <span class='ocrx_word' id='word_1_10' title='bbox 413 1574 573 1638; x_wconf 82' lang='lat' dir='ltr'>ditissimus</span> <span class='ocrx_word' id='word_1_11' title='bbox 584 1575 674 1654; x_wconf 87' lang='lat' dir='ltr'>olim,</span> 
     </span>
    </p>

    <p class='ocr_par' dir='ltr' id='par_1_6' title="bbox 47 1668 536 1754">
     <span class='ocr_line' id='line_1_6' title="bbox 47 1668 536 1754; baseline -0.002 -22"><span class='ocrx_word' id='word_1_12' title='bbox 47 1673 102 1753; x_wconf 84' lang='lat' dir='ltr'>rjus</span> <span class='ocrx_word' id='word_1_13' title='bbox 110 1690 202 1754; x_wconf 81' lang='lat' dir='ltr'>regno</span> <span class='ocrx_word' id='word_1_14' title='bbox 213 1682 309 1729; x_wconf 86' lang='lat' dir='ltr'>mater</span> <span class='ocrx_word' id='word_1_15' title='bbox 315 1668 435 1749; x_wconf 82' lang='lat' dir='ltr'>natique</span> <span class='ocrx_word' id='word_1_16' title='bbox 448 1669 536 1731; x_wconf 80' lang='lat' dir='ltr'>fuisse</span> 
     </span>
    </p>

    <p class='ocr_par' dir='ltr' id='par_1_7' title="bbox 47 1761 753 2210">
     <span class='ocr_line' id='line_1_7' title="bbox 47 1761 753 1846; baseline -0.001 -21"><span class='ocrx_word' id='word_1_17' title='bbox 47 1786 116 1841; x_wconf 92' lang='lat' dir='ltr'>em,</span> <span class='ocrx_word' id='word_1_18' title='bbox 129 1776 162 1824; x_wconf 91' lang='lat' dir='ltr'>ut</span> <span class='ocrx_word' id='word_1_19' title='bbox 174 1763 254 1823; x_wconf 81' lang='lat' dir='ltr'>fama</span> <span class='ocrx_word' id='word_1_20' title='bbox 266 1761 372 1836; x_wconf 78' lang='lat' dir='ltr'><strong>refert,</strong></span> <span class='ocrx_word' id='word_1_21' title='bbox 387 1763 424 1822; x_wconf 85' lang='lat' dir='ltr'>de</span> <span class='ocrx_word' id='word_1_22' title='bbox 437 1776 536 1824; x_wconf 82' lang='lat' dir='ltr'>sancta</span> <span class='ocrx_word' id='word_1_23' title='bbox 547 1776 634 1846; x_wconf 81' lang='lat' dir='ltr'>gente</span> <span class='ocrx_word' id='word_1_24' title='bbox 647 1766 753 1826; x_wconf 78' lang='lat' dir='ltr'>creatis</span> 
     </span>
     <span class='ocr_line' id='line_1_8' title="bbox 47 1855 721 1938; baseline -0.006 -17"><span class='ocrx_word' id='word_1_25' title='bbox 47 1878 141 1921; x_wconf 83' lang='lat' dir='ltr'>scura</span> <span class='ocrx_word' id='word_1_26' title='bbox 155 1856 261 1918; x_wconf 82' lang='lat' dir='ltr'>assidui</span> <span class='ocrx_word' id='word_1_27' title='bbox 272 1855 388 1938; x_wconf 83' lang='lat' dir='ltr'>generis</span> <span class='ocrx_word' id='word_1_28' title='bbox 400 1857 572 1917; x_wconf 84' lang='lat' dir='ltr'>meminisse</span> <span class='ocrx_word' id='word_1_29' title='bbox 583 1858 721 1938; x_wconf 81' lang='lat' dir='ltr'>jubebat,</span> 
     </span>
     <span class='ocr_line' id='line_1_9' title="bbox 47 1948 641 2035; baseline 0 -25"><span class='ocrx_word' id='word_1_30' title='bbox 47 1951 75 2035; x_wconf 84' lang='lat' dir='ltr'>gi</span> <span class='ocrx_word' id='word_1_31' title='bbox 86 1951 198 2013; x_wconf 84' lang='lat' dir='ltr'>servire</span> <span class='ocrx_word' id='word_1_32' title='bbox 209 1951 283 2010; x_wconf 72' lang='lat' dir='ltr'>datae</span> <span class='ocrx_word' id='word_1_33' title='bbox 297 1973 303 2010; x_wconf 92' lang='lat'><strong>:</strong></span> <span class='ocrx_word' id='word_1_34' title='bbox 316 1949 358 2010; x_wconf 90' lang='lat' dir='ltr'>sic</span> <span class='ocrx_word' id='word_1_35' title='bbox 368 1969 495 2027; x_wconf 80' lang='lat' dir='ltr'>namque</span> <span class='ocrx_word' id='word_1_36' title='bbox 508 1948 641 2010; x_wconf 84' lang='lat' dir='ltr'>volentes</span> 
     </span>
     <span class='ocr_line' id='line_1_10' title="bbox 47 2041 659 2126; baseline -0.002 -23"><span class='ocrx_word' id='word_1_37' title='bbox 47 2043 148 2126; x_wconf 70' lang='lat' dir='ltr'>»epulo</span> <span class='ocrx_word' id='word_1_38' title='bbox 162 2043 287 2104; x_wconf 90' lang='lat' dir='ltr'>meliore</span> <span class='ocrx_word' id='word_1_39' title='bbox 298 2041 360 2102; x_wconf 89' lang='lat' dir='ltr'>Dei</span> <span class='ocrx_word' id='word_1_40' title='bbox 371 2062 422 2102; x_wconf 83' lang='lat' dir='ltr'>sua</span> <span class='ocrx_word' id='word_1_41' title='bbox 433 2044 498 2124; x_wconf 82' lang='lat' dir='ltr'>jura</span> <span class='ocrx_word' id='word_1_42' title='bbox 509 2043 659 2102; x_wconf 84' lang='lat' dir='ltr'>tenebant.</span> 
     </span>
     <span class='ocr_line' id='line_1_11' title="bbox 47 2134 669 2210; baseline -0.005 -12"><span class='ocrx_word' id='word_1_43' title='bbox 47 2137 145 2198; x_wconf 75' lang='lat' dir='ltr'>avidus</span> <span class='ocrx_word' id='word_1_44' title='bbox 155 2147 269 2196; x_wconf 80' lang='lat' dir='ltr'>mutare</span> <span class='ocrx_word' id='word_1_45' title='bbox 281 2134 387 2210; x_wconf 82' lang='lat' dir='ltr'>fidem,</span> <span class='ocrx_word' id='word_1_46' title='bbox 401 2148 516 2194; x_wconf 84' lang='lat' dir='ltr'>mutare</span> <span class='ocrx_word' id='word_1_47' title='bbox 529 2135 669 2196; x_wconf 87' lang='lat' dir='ltr'>timorem</span> 
     </span>
    </p>

    <p class='ocr_par' dir='ltr' id='par_1_8' title="bbox 47 2228 782 2964">
     <span class='ocr_line' id='line_1_12' title="bbox 47 2228 721 2312; baseline -0.003 -18"><span class='ocrx_word' id='word_1_48' title='bbox 47 2233 94 2308; x_wconf 85' lang='lat' dir='ltr'>it,</span> <span class='ocrx_word' id='word_1_49' title='bbox 110 2243 139 2292; x_wconf 89' lang='lat' dir='ltr'>et</span> <span class='ocrx_word' id='word_1_50' title='bbox 151 2243 184 2292; x_wconf 86' lang='lat' dir='ltr'>ut</span> <span class='ocrx_word' id='word_1_51' title='bbox 194 2228 308 2312; x_wconf 80' lang='lat' dir='ltr'>populo</span> <span class='ocrx_word' id='word_1_52' title='bbox 322 2228 433 2309; x_wconf 82' lang='lat' dir='ltr'>pariter</span> <span class='ocrx_word' id='word_1_53' title='bbox 445 2229 584 2290; x_wconf 84' lang='lat' dir='ltr'>misceret</span> <span class='ocrx_word' id='word_1_54' title='bbox 596 2229 721 2310; x_wconf 69' lang='lat' dir='ltr'>iniquo,</span> 
     </span>
     <span class='ocr_line' id='line_1_13' title="bbox 47 2320 679 2405; baseline -0.005 -20"><span class='ocrx_word' id='word_1_55' title='bbox 47 2325 99 2385; x_wconf 80' lang='lat' dir='ltr'>uia</span> <span class='ocrx_word' id='word_1_56' title='bbox 112 2322 259 2405; x_wconf 85' lang='lat' dir='ltr'>promittit</span> <span class='ocrx_word' id='word_1_57' title='bbox 272 2322 380 2397; x_wconf 86' lang='lat' dir='ltr'>matri,</span> <span class='ocrx_word' id='word_1_58' title='bbox 394 2321 543 2403; x_wconf 87' lang='lat' dir='ltr'>promittit</span> <span class='ocrx_word' id='word_1_59' title='bbox 554 2334 583 2381; x_wconf 94' lang='lat' dir='ltr'>et</span> <span class='ocrx_word' id='word_1_60' title='bbox 596 2320 654 2382; x_wconf 88' lang='lat' dir='ltr'>illis</span> <span class='ocrx_word' id='word_1_61' title='bbox 669 2365 679 2396; x_wconf 95' lang='lat'>,</span> 
     </span>
     <span class='ocr_line' id='line_1_14' title="bbox 47 2415 724 2498; baseline -0.006 -18"><span class='ocrx_word' id='word_1_62' title='bbox 47 2418 168 2498; x_wconf 84' lang='lat' dir='ltr'>ridquid</span> <span class='ocrx_word' id='word_1_63' title='bbox 180 2427 279 2498; x_wconf 88' lang='lat' dir='ltr'>posset</span> <span class='ocrx_word' id='word_1_64' title='bbox 291 2427 386 2475; x_wconf 89' lang='lat' dir='ltr'>totum</span> <span class='ocrx_word' id='word_1_65' title='bbox 399 2415 571 2496; x_wconf 79' lang='lat' dir='ltr'>perquirere</span> <span class='ocrx_word' id='word_1_66' title='bbox 586 2436 724 2498; x_wconf 80' lang='lat' dir='ltr'>reguum,</span> 
     </span>
     <span class='ocr_line' id='line_1_15' title="bbox 47 2508 691 2588; baseline -0.005 -16"><span class='ocrx_word' id='word_1_67' title='bbox 47 2521 184 2572; x_wconf 57' lang='lat' dir='ltr'>{mutaret</span> <span class='ocrx_word' id='word_1_68' title='bbox 197 2522 326 2583; x_wconf 82' lang='lat' dir='ltr'>mentes,</span> <span class='ocrx_word' id='word_1_69' title='bbox 341 2529 497 2586; x_wconf 86' lang='lat' dir='ltr'>sensusque</span> <span class='ocrx_word' id='word_1_70' title='bbox 509 2508 641 2588; x_wconf 85' lang='lat' dir='ltr'>priores,</span> <span class='ocrx_word' id='word_1_71' title='bbox 687 2554 691 2560; x_wconf 58' lang='grc'><strong>»</strong></span> 
     </span>
     <span class='ocr_line' id='line_1_16' title="bbox 47 2601 660 2683; baseline -0.005 -18"><span class='ocrx_word' id='word_1_72' title='bbox 47 2616 117 2674; x_wconf 72' lang='lat' dir='ltr'>eret,</span> <span class='ocrx_word' id='word_1_73' title='bbox 133 2616 162 2664; x_wconf 91' lang='lat' dir='ltr'>et</span> <span class='ocrx_word' id='word_1_74' title='bbox 173 2615 258 2663; x_wconf 78' lang='lat' dir='ltr'>natos</span> <span class='ocrx_word' id='word_1_75' title='bbox 271 2602 345 2662; x_wconf 84' lang='lat' dir='ltr'>alios</span> <span class='ocrx_word' id='word_1_76' title='bbox 357 2601 414 2661; x_wconf 85' lang='lat' dir='ltr'>silti</span> <span class='ocrx_word' id='word_1_77' title='bbox 428 2601 538 2683; x_wconf 83' lang='lat' dir='ltr'>fingere</span> <span class='ocrx_word' id='word_1_78' title='bbox 552 2621 660 2662; x_wconf 88' lang='lat' dir='ltr'>mores.</span> 
     </span>
     <span class='ocr_line' id='line_1_17' title="bbox 48 2694 782 2780; baseline -0.004 -22"><span class='ocrx_word' id='word_1_79' title='bbox 48 2710 144 2780; x_wconf 82' lang='lat' dir='ltr'>regat,</span> <span class='ocrx_word' id='word_1_80' title='bbox 157 2696 337 2773; x_wconf 84' lang='lat' dir='ltr'>tacitumque</span> <span class='ocrx_word' id='word_1_81' title='bbox 349 2694 460 2774; x_wconf 80' lang='lat' dir='ltr'>premit</span> <span class='ocrx_word' id='word_1_82' title='bbox 469 2695 522 2755; x_wconf 90' lang='lat' dir='ltr'>sub</span> <span class='ocrx_word' id='word_1_83' title='bbox 535 2697 624 2756; x_wconf 83' lang='lat' dir='ltr'>corde</span> <span class='ocrx_word' id='word_1_84' title='bbox 636 2695 782 2756; x_wconf 83' lang='lat' dir='ltr'>dolorem.</span> 
     </span>
     <span class='ocr_line' id='line_1_18' title="bbox 48 2787 755 2873; baseline -0.008 -19"><span class='ocrx_word' id='word_1_85' title='bbox 48 2803 227 2873; x_wconf 81' lang='lat' dir='ltr'>:postquam</span> <span class='ocrx_word' id='word_1_86' title='bbox 241 2788 322 2848; x_wconf 80' lang='lat' dir='ltr'>nulla</span> <span class='ocrx_word' id='word_1_87' title='bbox 334 2787 430 2868; x_wconf 90' lang='lat' dir='ltr'>potuit</span> <span class='ocrx_word' id='word_1_88' title='bbox 443 2787 625 2867; x_wconf 86' lang='lat' dir='ltr'>compellere</span> <span class='ocrx_word' id='word_1_89' title='bbox 638 2790 755 2868; x_wconf 82' lang='lat' dir='ltr'>praeda,</span> 
     </span>
     <span class='ocr_line' id='line_1_19' title="bbox 49 2876 661 2964; baseline -0.008 -20"><span class='ocrx_word' id='word_1_90' title='bbox 49 2876 111 2945; x_wconf 78' lang='lat' dir='ltr'>avit</span> <span class='ocrx_word' id='word_1_91' title='bbox 123 2883 255 2964; x_wconf 91' lang='lat' dir='ltr'>primum</span> <span class='ocrx_word' id='word_1_92' title='bbox 268 2882 424 2942; x_wconf 83' lang='lat' dir='ltr'>tormentis</span> <span class='ocrx_word' id='word_1_93' title='bbox 439 2881 557 2941; x_wconf 86' lang='lat' dir='ltr'>vincere</span> <span class='ocrx_word' id='word_1_94' title='bbox 569 2880 661 2941; x_wconf 82' lang='lat' dir='ltr'>saeris.</span> 
     </span>
    </p>

    <p class='ocr_par' dir='ltr' id='par_1_9' title="bbox 48 2971 665 3058">
     <span class='ocr_line' id='line_1_20' title="bbox 48 2971 665 3058; baseline -0.013 -20"><span class='ocrx_word' id='word_1_95' title='bbox 48 2978 99 3039; x_wconf 85' lang='lat' dir='ltr'>ulit</span> <span class='ocrx_word' id='word_1_96' title='bbox 111 2977 162 3037; x_wconf 81' lang='lat' dir='ltr'>itta</span> <span class='ocrx_word' id='word_1_97' title='bbox 173 2989 272 3037; x_wconf 79' lang='lat' dir='ltr'>temen</span> <span class='ocrx_word' id='word_1_98' title='bbox 284 2975 428 3058; x_wconf 75' lang='lat' dir='ltr'>gemitus,</span> <span class='ocrx_word' id='word_1_99' title='bbox 443 2986 473 3034; x_wconf 90' lang='lat' dir='ltr'>et</span> <span class='ocrx_word' id='word_1_100' title='bbox 483 2971 576 3032; x_wconf 80' lang='lat' dir='ltr'>tristia</span> <span class='ocrx_word' id='word_1_101' title='bbox 589 2972 665 3053; x_wconf 84' lang='lat' dir='ltr'>regis</span> 
     </span>
    </p>

    <p class='ocr_par' dir='ltr' id='par_1_10' title="bbox 48 3063 698 3139">
     <span class='ocr_line' id='line_1_21' title="bbox 48 3063 698 3139; baseline -0.018 -5"><span class='ocrx_word' id='word_1_102' title='bbox 48 3091 109 3134; x_wconf 78' lang='lat' dir='ltr'>tera</span> <span class='ocrx_word' id='word_1_103' title='bbox 121 3091 184 3132; x_wconf 89' lang='lat' dir='ltr'>non</span> <span class='ocrx_word' id='word_1_104' title='bbox 196 3068 296 3133; x_wconf 90' lang='lat' dir='ltr'>timuit</span> <span class='ocrx_word' id='word_1_105' title='bbox 309 3090 316 3127; x_wconf 77' lang='grc' dir='ltr'><strong>ι</strong></span> <span class='ocrx_word' id='word_1_106' title='bbox 329 3067 440 3130; x_wconf 84' lang='lat' dir='ltr'>victum</span> <span class='ocrx_word' id='word_1_107' title='bbox 453 3087 484 3128; x_wconf 88' lang='lat' dir='ltr'>se</span> <span class='ocrx_word' id='word_1_108' title='bbox 497 3063 570 3126; x_wconf 89' lang='lat' dir='ltr'>vidit</span> <span class='ocrx_word' id='word_1_109' title='bbox 582 3076 614 3125; x_wconf 90' lang='lat' dir='ltr'>ut</span> <span class='ocrx_word' id='word_1_110' title='bbox 627 3063 698 3139; x_wconf 78' lang='lat' dir='ltr'>ille,</span> 
     </span>
    </p>
   </div>
   <div class='ocr_carea' id='block_1_6' title="bbox 664 3156 701 3220">
    <p class='ocr_par' dir='ltr' id='par_1_11' title="bbox 664 3156 701 3220">
     <span class='ocr_line' id='line_1_22' title="bbox 664 3156 701 3220; baseline -0.054 0"><span class='ocrx_word' id='word_1_111' title='bbox 664 3156 701 3220; x_wconf 77' lang='lat'>31</span> 
     </span>
    </p>
   </div>
   <div class='ocr_carea' id='block_1_7' title="bbox 0 0 1031 3712">
    <p class='ocr_par' dir='ltr' id='par_1_12' title="bbox 0 0 1031 3712">
     <span class='ocr_line' id='line_1_23' title="bbox 0 0 1031 3712; baseline 0 0"><span class='ocrx_word' id='word_1_112' title='bbox 0 0 1031 3712; x_wconf 95' lang='lat' dir='ltr'> </span> 
     </span>
    </p>
   </div>
  </div>
 </body>
</html>
