2018 3714
10 285 38 326 r.
55 259 131 344 557.¹
215 266 454 325 uvaucuttcm
468 271 559 327 utsu.
574 270 638 324 tut.
654 275 688 328 11.
832 285 894 349 217

11 367 88 431 Huc
98 382 206 429 omnes
221 363 357 440 veniant,
378 367 478 427 oneris
494 383 568 444 quos
584 367 699 428 sarcina
711 369 784 431 vasti

16 456 223 541 Comprimit‚
234 457 273 517 iis
289 459 400 538 poterit
412 459 502 521 virtus
515 478 582 518 mea
595 480 718 522 munere
730 462 823 544 patris

12 553 161 634 Antiquae
172 551 252 614 vires
262 551 351 612 hilari
364 572 503 632 reparare
521 551 628 631 quiete.

15 645 135 708 Sumite
146 645 225 707 forte
237 647 357 727 jugum,
371 643 444 706 levis
459 658 502 705 est
513 665 581 706 mea
591 646 705 708 sarcina
718 650 819 729 justis,

14 737 157 818 Namque
169 737 279 801 humili
291 738 410 800 dulcem
422 738 552 820 largibor
563 742 652 803 corde
663 742 799 804 salutem.

57 830 135 921 llaec
147 830 199 892 ubi
213 829 292 892 dicta
305 830 402 906 dedit,
415 831 518 892 messis
531 852 586 910 per
599 833 677 893 culta
688 846 813 915 gravatae

15 925 170 1000 Praeterit,
185 935 215 983 et
228 923 359 1007 populus
371 936 535 984 sectantum
549 925 764 1005 discipulorum

16 1016 342 1100 Spicammqravidam
355 1017 495 1097 carpebat
506 1016 539 1075 in
552 1017 657 1077 ordine
669 1017 799 1102 frugem.¹
854 1010 862 1018 ’

13 1110 76 1170 llle
88 1106 151 1171 dies
162 1108 257 1170 reteri
270 1108 411 1188 poscebat
424 1108 487 1192 lege
501 1109 632 1187 quietem
646 1133 654 1169 ε

15 1203 150 1266 Sabbata
160 1220 232 1263 uam
244 1202 350 1283 priscis
362 1203 538 1284 repetebant
551 1203 611 1262 otia
622 1204 717 1284 jussis.

13 1297 100 1359 Ecce
113 1295 255 1356 Pbarisaei
267 1315 369 1356 coram
381 1295 600 1375 reprehendere
614 1293 790 1375 Christum

13 1390 113 1469 Quod
126 1400 233 1451 sauctae
246 1387 318 1470 legis
330 1387 479 1450 calcarent
490 1389 567 1468 jussa
580 1401 725 1450 metentes

10 1482 178 1564 Discipuli.
191 1479 306 1564 Legum
319 1483 371 1542 sed
382 1493 453 1542 tunc
465 1480 635 1561 completor
650 1481 732 1542 lesus

10 1577 146 1658 Incipit,
160 1575 206 1635 bis
217 1574 325 1635 veteris
338 1574 441 1654 scripti
455 1587 650 1633 monumenta
663 1588 812 1637 retexens:

14 1666 146 1755 Legistis
155 1680 257 1745 corte,
272 1671 304 1729 in
316 1666 431 1747 templo
443 1665 562 1728 Davida
574 1687 718 1728 canorum

16 1761 104 1828 Cum
117 1761 229 1844 popolo
243 1762 394 1840 quondam
407 1779 499 1839 panes
508 1761 667 1840 sumpsisse
680 1771 830 1836 sacratos‚'

13 1856 58 1919 Et
70 1855 248 1937 propriam,
262 1852 465 1930 comitumque
478 1852 590 1912 samem
602 1855 715 1915 sedasse
727 1877 736 1926 3
756 1856 809 1917 sed
825 1853 893 1917 illos

13 1950 164 2012 illicitum
177 1947 315 2025 cuiquam
327 1945 423 2006 fuerat
436 1945 606 2026 contingere
620 1965 730 2024 panes,

14 2042 148 2104 Sumere
159 2059 234 2120 quos
247 2038 326 2113 solus
338 2051 456 2119 poterat
469 2038 505 2097 de
518 2037 581 2118 lege
594 2038 743 2100 sacerdos.

14 2134 165 2218 Ejusdem
177 2133 377 2214 scriptumest
389 2133 465 2212 justo
477 2131 683 2191 moderamine
696 2131 767 2212 legis
780 2153 789 2193 ε

17 2227 152 2291 Sabbata
163 2225 322 2307 profanant
334 2223 449 2305 templo
462 2223 526 2284 sine
539 2224 665 2284 crimine
677 2236 767 2287 rates.

21 2318 206 2383 Necdum
217 2331 260 2379 est
273 2318 358 2379 isthic
369 2330 472 2378 vestrae
480 2317 658 2399 glomeratio
671 2316 782 2392 turbae,

19 2412 126 2495 Quam
137 2410 246 2492 templi
259 2412 358 2472 virtus.
376 2409 527 2492 Caperent
539 2410 564 2470 si
578 2422 700 2490 pectora
713 2424 829 2490 vestra‚†

18 2506 118 2588 Quod
129 2527 193 2567 non
206 2524 288 2567 sacra
299 2504 402 2579 Deus,
418 2505 470 2564 sed
482 2501 584 2563 mallet
594 2503 678 2563 mitia
690 2506 797 2580 eorda,

20 2598 97 2663 Non
111 2611 175 2658 tam
183 2618 266 2678 saepe
279 2597 359 2659 viros
372 2598 536 2656 damnasset
549 2595 637 2658 factio
648 2617 764 2672 sacros,

21 2690 169 2773 Expertes
177 2691 284 2771 culpae.
304 2687 366 2750 Sed
376 2711 456 2751 nunc
468 2710 521 2771 ego
534 2689 653 2751 sabbata
665 2703 788 2766 cuncta,

24 2783 141 2868 Sponte
153 2803 221 2845 mea
234 2783 406 2858 dominans,
418 2782 490 2866 legis
502 2781 557 2843 sub
567 2784 630 2864 jure
644 2783 762 2842 tenebo.
788 2788 791 2795 '

63 2876 154 2939 'l'unc
167 2877 371 2939 conventicula
384 2878 518 2958 ipsorum
530 2889 597 2957 post
607 2875 676 2935 talia
687 2875 765 2936 dicta
787 2956 792 2961 Ι

23 2968 212 3054 ingreditur:
226 2989 296 3031 mon
307 2970 357 3032 hic
366 2973 504 3053 juvenem
518 2989 574 3050 pro
588 2966 692 3029 limine
704 2965 818 3044 cernitj

24 3060 180 3130 Siccatnm
191 3063 362 3128 euhemero
373 3065 420 3127 eui
432 3064 549 3144 pondus
560 3061 665 3124 inutile
677 3059 786 3144 palmo
800 3096 809 3103 ·-

720 3174 758 3237 ¹9
