2018 3714
25 287 52 329 v.
70 266 145 330 226.
229 278 473 338 avunculum
490 282 578 338 tnsr.
596 284 661 340 im.
679 289 726 339 ιιι.
851 272 946 335 235.

26 371 162 454 Jamque
171 375 227 436 sub
240 389 342 437 exortu
353 377 425 438 solis
437 379 463 438 si
476 379 569 439 tristia
585 380 686 439 rubro·
758 376 762 383 '

26 464 143 529 Nubila
155 467 320 531 miscentur
332 471 455 532 confusa
468 471 534 532 luce
546 472 660 544 colori,
677 522 680 527 .

24 557 154 636 Dicitis,
166 561 325 644 agricolis,
351 564 506 642 nautisque
521 565 624 624 venire
636 563 791 645 fragosam·

23 651 203 717 Ventorum
210 654 347 730 rabiem,
366 668 638 737 tempestatumque
649 654 774 717 furores.

21 745 181 820 Fallaces,
196 747 593 821 nostisfaciem'discomere
602 747 694 824 coeli,

22 838 188 901 Seclornm
202 860 275 901 vero
288 840 408 901 nescitis
419 853 558 920 tempora
574 841 666 922 signis

20 931 193 1014 Explorare
204 932 285 993 suis?
300 920 365 993 sed·
374 932 461 994 vobis
472 933 554 1016 signa
568 934 734 1008 dabuntur,

23 1024 212 1101 Quae-maris
224 1024 374 1084 immenso
389 1027 545 1103 quondam
552 1046 660 1086 venere
674 1024 846 1105 prestantia,

21 1115 137 1181 Bellua
149 1133 221 1178 cum
232 1117 331 1177 tenuit
339 1119 454 1178 uentris
462 1119 517 1178 sub
530 1137 648 1178 carcere
662 1130 769 1178 vatem.

23 1209 104 1271 Haeo
115 1210 172 1286 ait,
184 1222 215 1271 et
226 1228 359 1290 propere
371 1210 483 1291 puppis
494 1211 659 1271 retinacula
670 1209 802 1283 solvens,

23 1302 128 1362 'l‘rans
138 1301 212 1362 freta
224 1301 378 1362 contendit
390 1303 497 1382 rapido
512 1304 731 1382 comprendere
744 1322 834 1363 cursu

21 1395 109 1456 Arva
123 1393 355 1476 Philipporum,
371 1394 519 1473 sociisque
532 1394 595 1457 hac
605 1393 784 1455 talia-satur:
896 1392 900 1397 ’

23 1486 165 1549 Sollicite
177 1487 264 1549 voitu
276 1487 407 1547 vitentur
416 1488 504 1547 noxia
516 1487 614 1562 sarra,

22 1581 288 1660 Fermeotumque
301 1580 498 1643 seror-restris
511 1581 634 1641 avertite
648 1581 768 1643 mensis.

24 1673 86 1734 llla
99 1671 256 1749 Pharisaei,
279 1670 492 1753 sadducaeique
507 1673 605 1734 dolosi

22 1765 200 1831 Aaronem
210 1765 305 1842 escis,
325 1765 493 1845 falluntque
504 1766 535 1825 in
547 1765 672 1826 nomine
684 1767 781 1846 panis.
863 1807 865 1811 -

23 1857 94 1922 Cur
102 1858 188 1921 vobis
198 1859 300 1920 tacitas
311 1858 404 1919 volvit
417 1859 567 1919 cunctatio
579 1861 714 1918 mentes?

19 1950 121 2014 Proh!
134 1966 224 2031 quam
236 1952 434 2034 ponatides,
448 1963 705 2032 sensu-torpente,
720 1952 841 2014 satiicitl

20 2044 135 2108 Dicitis
146 2044 281 2119 adversi,
306 2044 375 2104 nari
386 2044 467 2122 quod
481 2042 586 2103 tollere
600 2060 701 2124 panes

21 2135 97 2198 Non
111 2136 299 2198 locuit-vobis
311 2151 457 2211 vacuum,
478 2135 623 2213 farrisque
637 2136 786 2197 cavendas·

20 2228 151 2293 Insidias
160 2232 281 2314 jubeam
295 2252 303 2290 ε
317 2228 507 2304 meminisse,
518 2240 551 2288 et
562 2228 638 2288 scire
651 2228 813 2308 putabam,

22 2320 120 2401 Quod
131 2345 223 2405 panes
236 2321 479 2402 quinquo=plebis
488 2318 674 2380 mihimillia
685 2319 817 2400 quinque

18 2413 343 2497 lmplerintdapibos,
354 2413 553 2494 cophinisque
567 2411 715 2494 superflua
728 2412 817 2473 tanti's

16 2507 254 2591 Fragmenta-ad
265 2505 541 2569 cumulumfuerint
554 2506 678 2567 ‘collecta
692 2506 841 2568 ciliorum,

21 2601 212 2682 Quatoor=et
221 2618 341 2661 rursum
355 2611 524 2661 conantum
538 2599 633 2659 millia
645 2619 737 2680 panes

20 2694 125 2774 Quod
131 2693 218 2756 facile
231 2692 387 2774 implerint
399 2703 534 2772 septem,-
549 2705 722 2772 sportasque
734 2688 849 2750 referri

16 2788 150 2848 Vidistis
163 2808 264 2848 rursus
275 2783 663 2866 completas-relliquiarum.

17 2879 82 2942 Sed
99 2898 211 2941 moneo
223 2880 348 2940 istorum
359 2896 480 2957 semper
489 2877 637 2936 formenta
650 2892 773 2936 satore..

15 2973 171 3055 Discipuli
184 2974 325 3047 tandem,
340 2969 442 3030 vitalia
454 2969 546 3029 verba
555 2967 664 3041 secuti,

17 3065 201 3133 Doctrinam
213 3059 627 3128 oemunt-lementinomine
641 3058 769 3122 dictam,

964 732 980 763 N
