2046 3712
82 223 150 291 368
246 264 252 277 ·
349 232 733 289 unntrvrcronrru
850 219 928 307 eut

87 322 271 395 Constiteraf
283 330 384 409 vultu,
400 330 492 389 fretus
503 328 585 406 quod
597 341 727 408 pectore
739 340 808 389 tuto·

86 427 225 487 Paruerit
234 425 378 499 monitis,
393 423 469 505 regis
483 432 680 502 contemptor
692 434 722 482 et
733 422 798 482 irae.

88 519 140 581 Sic
153 538 255 580 exorsa
267 536 477 600 parens,.cum
486 535 537 575 res
550 514 704 575 dubitaret
717 515 751 575 in
764 514 832 576 illos
894 538 898 549 ¹

87 611 152 692 Qui
163 623 304 694 superant
316 612 501 694 gemitusque
514 610 618 684 daret,
633 607 692 688 pia-
700 608 791 668 turba
804 606 915 669 ministri

86 706 202 789 Regem
216 716 404 778 execrantur,
419 715 502 762 tanto
516 721 659 763 sermone
672 714 852 781 querentes:

89 798 256 874 Protrahe,
270 798 342 878 quid
355 797 493 857 dubitas?
504 795 658 876 nullijam
671 814 800 876 parcere
811 794 906 871 debes,

87 890 158 953 Nec
169 904 270 972 potes,
282 903 315 950 ut
326 889 444 971 cupias,
457 889 611 949 decretum
628 907 776 967 rumpere
788 888 879 947 nulli:

88 984 222 1066 Appello
235 982 367 1066 Regem,
385 995 483 1042 toturn
495 981 546 1059 qui
559 993 714 1060 temperat
727 982 854 1057 orbern,

90 1076 155 1156 Qui
170 1097 272 1151 mare,
288 1076 339 1155 qui
352 1075 482 1149 coelum,
496 1073 563 1136 coeli
575 1073 624 1135 cui
638 1074 740 1135 sidera
755 1088 877 1156 parent:

89 1164 185 1247 Quod
198 1170 256 1229 nisi
270 1169 410 1250 producis
420 1215 435 1242 „
445 1168 537 1227 timor
548 1179 610 1243 est,
622 1168 821 1251 jam-segnius
830 1170 929 1245 instas,

91 1262 164 1322 Jam
178 1264 269 1322 sentis
282 1283 373 1342 quern
386 1281 475 1342 poena
486 1273 587 1342 petat,
600 1263 665 1343 jam
679 1261 781 1346 gloria
792 1262 875 1325 uobis

90 1353 180 1416 Parte
194 1355 225 1415 in
239 1368 362 1434 utraque
376 1367 494 1429 utanet,
509 1354 596 1416 liceat
606 1356 785 1435 producere
800 1355 890 1417 nullis

89 1447 173 1508 Nam
188 1468 378 1527 quoscunque
390 1461 474 1508 tuum
485 1449 495 1529 j
499 1447 594 1508 ussisti
607 1450 759 1511 excedere
774 1470 909 1534 regnunt,

91 1539 230 1602 Forsitan
242 1540 302 1602 hoc
314 1560 432 1601 morem
446 1541 675 1602 credas-furiose
685 1555 838 1625 tyranne,

91 1633 196 1715 Longa
210 1634 302 1716 magis
313 1634 443 1710 ritaest,
458 1637 785 1716 regnoque-potentior
794 1638 849 1697 isto

93 1726 187 1804 Quod
200 1727 294 1809 regis,
310 1739 441 1788 extrema
453 1727 539 1808 hujus
548 1729 610 1808 jam
621 1740 710 1807 parte
725 1730 876 1790 moraris?

93 1817 162 1884 Hos
175 1840 293 1898 quoque
307 1820 331 1879 si
345 1820 472 1893 metu-is,
489 1833 627 1899 superant
641 1834 731 1882 aetate
744 1824 897 1895 minores,

92 1911 336 1993 Contemptuque
351 1912 440 1971 simul
453 1913 577 1972 vincunt
588 1926 635 1972 tua
650 1935 744 1995 regua
759 1917 893 1996 superbe.

92 2003 152 2066 Sed
166 2026 272 2088 perage
286 2006 468 2085 imperium,
483 2027 539 2066 nec
552 2019 651 2086 partus
667 2008 773 2069 divide
788 2023 917 2084 nostros,

91 2098 157 2159 Hos
171 2119 289 2178 quoque
302 2101 339 2157 da
351 2097 541 2173 ssamrnis,.et
549 2100 660 2159 viribus
673 2115 761 2160 utere
775 2104 874 2184 regni:

91 2190 230 2252 Mortalis
242 2206 341 2252 tamen
353 2213 383 2252 es
396 2237 404 2265 ,
419 2213 475 2252 nec
487 2192 518 2250 in
530 2213 626 2251 aevum
639 2213 732 2274 regna
748 2195 874 2254 tenebis.

132 2283 275 2366 Concipit
288 2285 453 2346 Antiochus
465 2285 574 2358 furias,
589 2306 743 2363 saevusque
758 2301 898 2370 tyrannus

88 2376 234 2452 Exhibet,
247 2394 275 2440 et
288 2380 414 2463 gemitus
428 2378 563 2437 intrasua
578 2392 701 2458 pectora
716 2380 834 2439 volvit:

90 2468 248 2534 Consentit
262 2494 328 2535 cum
343 2485 444 2532 mente
458 2471 561 2543 color,
577 2471 725 2550 tristisque
738 2487 877 2555 gravatos

87 2564 205 2624 Attollit
216 2565 330 2640 vultus,
348 2579 376 2625 et
390 2564 459 2624 talia
472 2565 561 2624 verba
575 2565 732 2644 profatur:

88 2655 163 2718 Haec
177 2672 225 2718 tua
238 2658 376 2733 libertas,
392 2671 420 2716 et
435 2658 498 2716 dira
513 2659 645 2738 potentia
659 2659 770 2740 linguae
784 2705 794 2735 ,

85 2749 182 2828 Atque
196 2751 244 2812 hic
256 2774 345 2830 quern
357 2751 469 2811 tumida
484 2762 585 2830 portas
598 2752 713 2812 cervice
726 2753 863 2835 rigorem

87 2839 201 2903 Sentiet
215 2845 282 2904 irati
297 2847 371 2928 regis
385 2844 456 2922 quid
469 2843 593 2903 vulnera
606 2846 730 2923 possint.

86 2931 120 2992 si
136 2937 269 2996 nondum
285 2959 315 2998 es
328 2938 429 2998 satiata
445 2935 546 3012 malis,
561 2948 590 2993 et
604 2936 714 3018 fingere
731 2950 833 2999 tentas-

85 3023 248 3106 Laetitiarn,
263 3032 414 3112 luctusque
427 3043 492 3091 tuos
504 3032 535 3090 in
549 3031 654 3112 gaudia
669 3032 780 3107 vertis,
