2018 3714
41 109 79 154 e.
93 114 152 178 ῃ.
236 107 428 163 Aurenses
444 108 666 163 nonnionem
684 112 746 165 un.
763 115 795 165 v.
913 92 953 169 43

44 194 188 261 Divisio
203 199 300 280 prolis
311 218 434 262 securos
444 201 553 282 degere
563 221 686 271 amore,

49 288 197 354 Crimen
211 292 350 353 adulterii
363 294 573 371 committere,
596 298 724 377 perdere
738 294 851 356 vitam?

47 380 95 448 Et
112 406 293 468 quenquam
305 389 402 467 perit,
423 389 454 447 id
465 387 571 450 falsare
584 391 746 470 agnomine
763 389 872 450 verbi?

51 478 268 561 Quapropter
280 481 363 541 vocis
374 494 439 541 tent
447 481 546 543 dulcia*
558 497 663 544 cuncte
677 483 831 563 profundit

50 568 217 656 impavidi
228 573 373 652 quidquid
385 574 502 653 placet,
520 588 552 635 ut
565 577 678 637 faciatis
692 587 835 655 oportet,

52 663 93 729 ln
108 667 228 728 faciem
242 666 332 739 casti,
348 667 488 728 maculati
501 670 629 730 crimine
643 670 768 742 furtim,

54 758 134 823 Hac
151 779 243 823 carisa
251 780 309 820 vus.
316 761 470 821 connubio
481 763 610 845 privavit
620 764 757 824 honesto.
836 774 840 783 ’

54 852 125 917 Sed
142 853 220 932 quid
231 852 339 933 plura?
350 854 431 915 bene·
440 868 484 915 est
496 858 677 936 disjunctos,
693 856 824 928 scilieet,
845 875 907 916 esse

52 946 201 1030 Expedit
215 959 243 1007 et
256 948 386 1022 mundo,
405 969 443 1009 ne
456 950 546 1009 vestri
557 951 702 1032 germinis
713 949 790 1009 ullus

52 1038 89 1104 N
92 1053 238 1114 ascatur
253 1041 374 1099 tandem
388 1043 545 1103 cessabunt
559 1063 672 1123 organa
685 1042 800 1101 mortis.

106 1133 241 1195 Partem
255 1132 404 1208 neminie,
419 1136 492 1195 dum
504 1137 630 1213 speratis
644 1137 775 1196 retinere
787 1134 935 1230 sulutem,

50 1223 164 1290 Totus
176 1227 272 1287 homo
284 1239 380 1289 vester
391 1228 530 1308 deperdit
541 1242 641 1290 mente
655 1229 802 1309 prolana,

48 1317 220 1394 Interior,
235 1320 325 1380 simul
339 1333 368 1381 et
377 1335 516 1382 veterem
522 1344 611 1402 quem
626 1323 725 1384 dicitis
736 1320 884 1394 hostem,

51 1411 126 1478 Sed
142 1414 279 1474 ethome
291 1413 390 1474 solum
403 1414 557 1495 spiramen
569 1417 678 1478 dicitur
691 1437 773 1487 esse;

50 1505 135 1570 Nee
149 1519 237 1567 retus
249 1519 294 1567 est
304 1508 399 1568 homo
413 1509 593 1582 dicteeero,
608 1531 664 1572 nee
674 1525 742 1571 sunt
755 1510 879 1571 inimica

54 1599 206 1685 Spiritus
219 1613 250 1661 et
262 1620 352 1675 euro,
365 1622 453 1663 verus
464 1603 557 1664 homo
571 1605 698 1664 sociatus
711 1605 741 1664 in
754 1624 836 1675 uno;

53 1691 136 1758 Nee
151 1693 211 1754 sibi
224 1693 357 1775 privatos
368 1714 472 1756 seusus
483 1710 645 1757 cernuntur
654 1697 775 1758 babere.

57 1785 146 1851 Haec
156 1787 287 1868 regitur,
302 1788 377 1870 regit
384 1787 436 1849 ille
447 1811 455 1859 ς
468 1790 577 1872 gemit,
592 1791 778 1871 gaudetque,
794 1787 952 1867 doletque3

61 1878 202 1963 Diligit,
216 1880 281 1960 ipse
293 1900 353 1941 suae
366 1882 449 1943 carni
463 1883 633 1942 caussimue
646 1882 748 1956 idem,
786 1892 789 1899 ’

63 1970 132 2035 Per
146 1993 238 2053 quam
250 1973 456 2053 perethomo,
471 1994 608 2053 eumque
618 1974 798 2035 comminus
808 1972 952 2051 hebetum

60 2062 259 2130 Vulneribus
269 2086 355 2129 eures
369 2067 508 2142 adhibet,
522 2067 726 2149 lacrymasque
736 2066 911 2147 profundit,

64 2157 268 2223 Nutrimenta
278 2160 339 2222 cibi
351 2161 461 2242 cupide
470 2181 526 2241 per
538 2161 675 2221 membra
686 2162 829 2236 resumit,

62 2250 163 2315 Hauc
177 2265 262 2332 optat
271 2275 375 2316 seeum
387 2253 594 2317 irumortelem
606 2274 728 2335 semper
736 2255 848 2316 habere
860 2298 869 2329 ,

64 2347 183 2429 Quane
191 2345 287 2429 frangi
300 2348 413 2430 gemit,
427 2358 458 2408 et
475 2346 560 2409 dolet
570 2366 712 2408 evacuare
725 2369 782 2427 per
793 2360 890 2419 artus3

64 2436 118 2503 llli
133 2459 219 2499 more
229 2440 349 2501 misere
357 2439 678 2521 dominatrwtempore
691 2454 790 2514 certo,
836 2464 849 2483 ··
889 2460 894 2471 ·
937 2440 944 2451 ‘

68 2532 146 2613 Quo
160 2544 303 2593 renovate
314 2531 372 2593 levi
385 2533 425 2593 de
438 2532 561 2613 ptssrere
573 2554 657 2595 mors
668 2534 793 2594 inimice

65 2622 353 2700 Deficiattendem,
364 2645 516 2689 cerneum
531 2625 665 2687 resolute-
673 2627 809 2706 resurgit.

68 2719 397 2800 Haueritexspeotete
406 2717 747 2790 diuvictoriasumrue,
817 2746 824 2761 ·

69 2811 180 2894 Quam
189 2812 261 2876 seeit
269 2814 377 2875 virtute
389 2813 499 2895 petris,
510 2812 719 2874 venerandus
711 2832 742 2872 m
754 2831 851 2871 aerum

66 2904 185 2975 Factus
198 2926 286 2970 eorus
297 2906 410 2983 homo,
431 2905 566 2967 hominis
578 2926 633 2984 qut¹
622 2907 783 2968 rnenibre
796 2905 953 2982 redempta
