2018 3714
17 310 48 353 v.
63 251 137 374 ⁶17·
223 298 474 371 ,mouentium
491 296 581 350 urse.
596 290 661 348 tut.
678 296 711 348 11.
840 294 901 364 219

21 391 104 475 Quis
115 392 228 476 poterit
240 394 373 476 praedam
386 393 471 454 tectis
484 391 600 452 auferre
613 389 765 463 virorum,

23 483 67 550 Ni
78 487 164 570 prius
174 506 325 571 aggressus
336 487 493 548 custodum
504 484 626 546 brachis
637 483 725 543 nodis

22 575 164 656 Vinciat,
178 592 212 642 ut
224 578 319 641 facilis
332 579 431 642 veniet
443 578 574 661 direptio
586 576 715 659 praedae?

27 671 165 754 Quisque
177 673 254 734 meis
264 673 361 735 aberit
371 673 513 735 discretus
525 671 612 733 miles
624 670 661 730 ab
675 669 784 746 armis,
907 696 911 707 ·

25 765 134 831 Hostis
141 769 176 829 in
186 769 309 829 adversa
321 767 461 831 consistet
473 766 572 828 fronte
584 763 685 825 duelli.

24 861 165 943 Quisque
174 861 250 922 rue'm
258 861 395 943 gregibus
408 861 548 944 cogendis
560 858 637 920 liber
650 858 786 932 aberrat,
888 910 899 941 ,Β

19 952 147 1037 Disjicit
159 953 214 1016 itte
225 953 288 1015 mei
298 953 417 1034 pecoris
428 974 483 1034 per
496 953 582 1014 devia
592 965 701 1033 pastus.

20 1045 88 1110 Sed
95 1046 265 1127 quicunque
274 1046 432 1107 bominum
443 1046 533 1107 fuerit
540 1067 631 1126 super
638 1044 778 1106 omnibus
787 1062 891 1118 error,

20 1140 154 1202 Dimitti
165 1139 298 1221 poterit:
312 1151 427 1201 tantum
440 1160 478 1201 ne
493 1138 625 1220 Spiritus
638 1157 769 1218 uuquam

22 1232 168 1294 Vocibus
179 1232 282 1293 insana
292 1230 439 1294 laceretur
450 1244 552 1293 mente
563 1231 703 1312 profusis.

24 1324 100 1386 Sive
113 1323 217 1386 iorem
224 1324 357 1385 bominis
368 1323 450 1386 Nato
461 1325 596 1387 convicia
606 1326 763 1405 qnisquam

21 1418 163 1502 ingeret,
175 1417 241 1481 boec
254 1418 344 1479 etiam
356 1431 498 1498 poterunt
509 1431 630 1499 peccata
641 1419 765 1479 remitti.

22 1509 324 1592 Spiritusntsanctus
335 1524 451 1573 tautum
465 1512 630 1591 cuicunque
641 1512 769 1593 prolana

24 1598 207 1665 Verborum
218 1603 303 1665 rabie
314 1592 677 1681 violabitur,irrerocetis
760 1594 763 1601 ¹

30 1695 215 1778 Suppliciis,
232 1710 353 1759 nuncet
365 1717 486 1778 semper
494 1699 658 1760 torrebitur
670 1699 741 1782 igni.

28 1787 165 1869 Quando
175 1790 341 1853 veneniferi
352 1790 497 1870 serpentis
507 1811 582 1853 sceva
593 1809 729 1874 propago

26 1879 216 1945 Sermonum
228 1882 308 1944 dulci
320 1882 597 1963 poterit-mitescere
611 1883 728 1945 frumo?

16 1973 115 2038 ‚Nam
128 1976 210 2037 bona
222 1974 364 2037 thesauris
377 1987 557 2055 promuntur
569 1975 667 2036 dulcia
676 1975 779 2056 justis,

30 2065 73 2128 Et
85 2067 167 2129 mala
176 2067 314 2129 lethifero
324 2068 492 2148 procedunt
503 2087 556 2127 ore
568 2086 693 2128 venena.

29 2157 210 2223 Verborum
222 2160 337 2222 meritis
347 2159 447 2223 veniet
460 2159 514 2220 sub
526 2159 624 2240 judice
633 2160 713 2233 vite,

30 2250 208 2317 Verborum
218 2254 334 2316 meritis
344 2253 463 2314 dubitur
475 2251 639 2335 subjudice
652 2270 751 2333 poena.

20 2356 24 2363 '
74 2345 155 2426 Quae
165 2346 397 2431 genitoriaciet‚
411 2346 570 2408 sectabitur
578 2347 680 2407 omnia
692 2359 787 2407 natus.

31 2439 176 2521 Namque
190 2440 272 2501 idem
283 2452 355 2513 usto
367 2438 535 2500 manifestat
548 2451 652 2501 cuncta
662 2441 809 2518 videnda,

30 2530 73 2593 Et
83 2531 206 2614 potiora
218 2532 326 2595 debinc
336 2531 447 2595 tribuet
457 2532 601 2595 miracula
610 2553 723 2594 rerum.

31 2624 118 2688 Sicut
128 2626 213 2686 euim
223 2625 341 2708 genitor
353 2626 511 2687 demortua
522 2645 651 2708 corpora
661 2625 759 2688 reddit

28 2718 81 2779 Ad
92 2718 207 2780 claram
218 2719 287 2779 vitoe
299 2717 418 2793 lucem,
432 2718 476 2780 sic
487 2720 590 2780 omnia
602 2731 705 2792 natus,
753 2716 757 2725 '
823 2738 827 2745 ’

31 2809 113 2890 Quae
126 2809 225 2886 volet,
243 2811 281 2871 ad
293 2831 418 2892 superos
429 2812 577 2895 surgentia
589 2829 718 2891 corpora
730 2810 826 2871 ducet.

28 2902 103 2966 Nec
114 2903 233 2986 genitor
245 2912 427 2984 quemquam
437 2906 543 2981 vestri,
555 2925 585 2967 se
598 2905 713 2987 judice,
727 2901 850 2982 querit,

33 2993 98 3056 Sed
107 2997 190 3057 dedit
200 2997 264 3060 traee
276 3010 347 3059 nato
356 2998 507 3077 quaerendi
519 3000 584 3079 jura
596 3017 652 3079 per
665 2997 789 3074 orbem,

33 3085 145 3151 Gloria
155 3110 218 3172 quo
230 3103 349 3158 maneat
360 3090 468 3156 similis
477 3103 622 3175 unoque,
637 3089 786 3173 putrique.
