2018 3714
10 292 43 334 v.
56 267 133 355 496.
178 281 363 337 connitur.
381 284 419 335 m
437 256 738 342 GENEsthltt.111.
834 272 889 333 151

13 370 171 459 Iaougaero
183 373 253 435 felix
264 376 411 436 decedens
423 375 616 452 limitentur,

16 465 160 549 Ploratus
171 468 247 529 natis
257 489 325 530 curn
338 490 412 550 pace
423 482 452 529 et
466 490 590 531 munere
602 482 704 530 nostro

14 560 69 622 Ad
79 575 198 623 sanctos
210 561 351 644 migrabis
364 581 442 622 avos.
461 562 512 624 Sic
524 564 613 637 fatus,
627 574 656 623 et
668 562 728 623 alto

18 651 106 716 Cum
117 657 178 737 jam
188 675 248 714 nox
258 654 346 715 terris
356 656 460 716 densas
473 657 625 718 induceret
637 657 774 730 umbras,

20 745 149 830 Signum
159 768 177 808 e
189 760 293 808 monte
303 748 383 808 dedit
395 772 403 808 :
417 749 573 810 confestim
584 749 699 809 fumeus
710 749 775 811 istic

16 840 157 922 Apparet
170 840 321 917 clibanus,
336 841 507 922 lampasque
519 842 608 924 ignita
617 843 732 902 videtur
746 865 753 900 :

14 932 104 994 Tum
115 952 212 996 sacrm
223 933 341 1014 epulas,
354 937 546 1014 mediumque
557 937 672 997 invecta
682 947 816 1016 paratum
827 980 839 1011 ,

17 1024 175 1107 Praecipiti
184 1047 272 1087 eursu
283 1027 417 1103 delibans
429 1027 550 1088 flamma
558 1031 681 1089 voravit.

63 1118 182 1180 Interea
193 1132 291 1181 certus
303 1123 403 1203 regni,
418 1121 568 1202 prolisque
578 1122 702 1195 futurae,

20 1209 139 1273 Munus
147 1213 228 1273 adire
238 1215 332 1294 patris
343 1215 425 1296 cupit
438 1215 551 1273 Abram
564 1238 571 1273 ι
586 1226 662 1274 casta
673 1214 725 1273 sed
738 1233 810 1273 uxor

18 1303 138 1366 Abnuit
147 1305 299 1380 officium,
312 1308 392 1384 qood
404 1308 523 1367 inanem
537 1307 624 1366 effeta
636 1319 770 1366 senectus

18 1397 155 1477 Jamque
166 1412 284 1459 uterum
297 1400 355 1459 sibi
364 1400 481 1461 fecisset
495 1423 501 1458 :
514 1401 566 1460 sed
575 1399 660 1460 dulce
674 1399 773 1458 mariti

16 1488 153 1575 Pignus,
165 1512 311 1572 spemque
321 1513 429 1552 noram
441 1512 613 1572 quacunque
622 1512 657 1552 ex
666 1491 772 1571 pellice
783 1493 893 1569 fusam,

10 1582 97 1659 ,Esse
109 1605 195 1646 suant
208 1587 347 1660 credens,
360 1585 502 1645 famulam
512 1585 581 1663 (cui
594 1586 695 1665 junior
708 1599 796 1662 aetas,

18 1677 103 1761 Agar
114 1698 226 1739 nomen
240 1691 318 1751 erat,
331 1678 416 1739 tellus
429 1677 561 1739 Nilotica
573 1679 680 1760 origo)

20 1768 171 1854 Subrogat
181 1772 213 1830 in
225 1770 385 1845 thalamos,
398 1771 593 1851 precibusque
606 1791 739 1855 aggressa
750 1773 892 1832 maritum

19 1861 133 1925 Servili
145 1885 247 1924 semen
261 1866 440 1947 concredere
454 1865 585 1945 perpulit
597 1865 672 1924 alvo.

17 1954 105 2017 Proh
115 1957 222 2018 servile
234 1957 330 2017 nefas!
343 1969 376 2017 ut
386 1958 520 2037 primum
533 1958 632 2017 vivere
644 1957 735 2017 sensit

18 2049 101 2133 Agar
113 2051 225 2112 ventris
236 2071 327 2125 onus,
340 2051 415 2110 fastu
425 2050 583 2111 tumefacta
594 2049 739 2130 superbo,

18 2141 167 2225 Despexit
181 2145 350 2217 dominam,
365 2156 395 2203 et
412 2144 565 2201 dominam
580 2143 627 2202 eui
638 2142 742 2202 matris
758 2161 894 2202 amorem

20 2236 182 2311 Debebat‚
196 2256 373 2315 cansamque
384 2237 429 2296 sui
441 2235 551 2295 furiosa
563 2236 697 2295 tumoris.

22 2327 119 2391 Recte
130 2330 219 2411 igitur
228 2328 326 2412 flagris
337 2330 414 2390 hanc
426 2329 471 2389 vir
483 2329 659 2410 justissimus
672 2329 785 2390 Abram

22 2420 169 2505 Conjugis
180 2423 289 2483 addixit
302 2447 310 2482 ι
323 2443 450 2502 quorum
463 2423 557 2505 mag—is
568 2436 632 2484 acta
641 2425 773 2504 pudore,

15 2512 56 2600 ln
71 2517 191 2576 deserta
202 2515 309 2596 procul
320 2529 490 2594 secretaque
503 2516 593 2576 lustra
604 2517 734 2577 ferarum

14 2609 153 2671 Abditur
165 2610 339 2691 indignans,
352 2628 441 2689 quarn
455 2609 534 2670 exsul
547 2631 602 2671 nec
614 2630 756 2691 spernere
770 2621 880 2684 cessat,

16 2701 83 2764 Sed
96 2714 215 2762 rursum
228 2701 372 2780 obsequio
385 2703 522 2782 privans,
536 2705 616 2782 qnod
631 2703 747 2775 debuit,
762 2700 846 2760 illam

17 2792 216 2868 contemnit,
227 2814 287 2873 qno
299 2814 383 2877 more
396 2808 512 2876 potest,
528 2795 696 2874 mavultque
709 2793 824 2875 pericla

16 2887 157 2948 Desertae
167 2886 302 2968 perferre
313 2888 386 2947 viae:
400 2888 431 2948 ni
445 2890 550 2949 missus
564 2885 702 2969 Olympo

20 2980 153 3063 Angelus
166 2993 318 3055 occurrat,
330 2980 532 3059 famulamque
545 2982 582 3039 ad
594 2979 718 3058 pristina
730 2999 802 3040 rura

22 3068 170 3137 liutituat
181 3071 249 3133 miti
261 3073 411 3151 dominae,
422 3073 596 3153 blandoque·
604 3072 748 3134 refectam
