<?xml version="1.0" encoding="UTF-8"?>
<!DOCTYPE html PUBLIC "-//W3C//DTD XHTML 1.0 Transitional//EN"
    "http://www.w3.org/TR/xhtml1/DTD/xhtml1-transitional.dtd">
<html xmlns="http://www.w3.org/1999/xhtml" xml:lang="en" lang="en">
 <head>
  <title>
</title>
<meta http-equiv="Content-Type" content="text/html;charset=utf-8" />
  <meta name='ocr-system' content='tesseract 3.04.00' />
  <meta name='ocr-capabilities' content='ocr_page ocr_carea ocr_par ocr_line ocrx_word'/>
</head>
<body>
  <div class='ocr_page' id='page_1' title='image "./qsflorentistert00tertgoog_0176.png"; bbox 0 0 2018 3714; ppageno 0'>
   <div class='ocr_carea' id='block_1_1' title="bbox 12 278 896 370">
    <p class='ocr_par' dir='ltr' id='par_1_1' title="bbox 12 278 896 370">
     <span class='ocr_line' id='line_1_1' title="bbox 12 278 896 370; baseline -0.011 -20"><span class='ocrx_word' id='word_1_1' title='bbox 12 284 106 370; x_wconf 81' lang='lat' dir='ltr'>.7t3.</span> <span class='ocrx_word' id='word_1_2' title='bbox 175 294 226 346; x_wconf 80' lang='lat' dir='ltr'>tn</span> <span class='ocrx_word' id='word_1_3' title='bbox 245 292 445 347; x_wconf 78' lang='lat' dir='ltr'>snnuuueru</span> <span class='ocrx_word' id='word_1_4' title='bbox 459 290 731 345; x_wconf 65' lang='lat' dir='ltr'>tnnnersrunt.</span> <span class='ocrx_word' id='word_1_5' title='bbox 839 278 896 341; x_wconf 84' lang='lat'>163</span> 
     </span>
    </p>
   </div>
   <div class='ocr_carea' id='block_1_2' title="bbox 10 384 903 3058">
    <p class='ocr_par' dir='ltr' id='par_1_2' title="bbox 10 384 894 840">
     <span class='ocr_line' id='line_1_2' title="bbox 10 384 894 469; baseline -0.006 -17"><span class='ocrx_word' id='word_1_6' title='bbox 10 391 93 452; x_wconf 60' lang='lat' dir='ltr'>iam</span> <span class='ocrx_word' id='word_1_7' title='bbox 106 389 194 453; x_wconf 80' lang='lat' dir='ltr'>reiut</span> <span class='ocrx_word' id='word_1_8' title='bbox 207 399 341 469; x_wconf 78' lang='lat' dir='ltr'>acceptes</span> <span class='ocrx_word' id='word_1_9' title='bbox 357 384 488 446; x_wconf 80' lang='lat' dir='ltr'>referunt</span> <span class='ocrx_word' id='word_1_10' title='bbox 500 384 621 466; x_wconf 86' lang='lat' dir='ltr'>specula</span> <span class='ocrx_word' id='word_1_11' title='bbox 635 387 750 468; x_wconf 78' lang='lat' dir='ltr'>optima</span> <span class='ocrx_word' id='word_1_12' title='bbox 762 385 894 460; x_wconf 78' lang='lat' dir='ltr'>formas,</span> 
     </span>
     <span class='ocr_line' id='line_1_3' title="bbox 10 481 763 571; baseline -0.005 -27"><span class='ocrx_word' id='word_1_13' title='bbox 10 482 57 547; x_wconf 75' lang='lat' dir='ltr'>iic</span> <span class='ocrx_word' id='word_1_14' title='bbox 71 482 215 571; x_wconf 77' lang='lat' dir='ltr'>exempta</span> <span class='ocrx_word' id='word_1_15' title='bbox 227 481 325 541; x_wconf 80' lang='lat' dir='ltr'>virum</span> <span class='ocrx_word' id='word_1_16' title='bbox 337 498 441 539; x_wconf 86' lang='lat' dir='ltr'>uxores</span> <span class='ocrx_word' id='word_1_17' title='bbox 455 490 578 558; x_wconf 81' lang='lat' dir='ltr'>accepta</span> <span class='ocrx_word' id='word_1_18' title='bbox 589 490 763 557; x_wconf 88' lang='lat' dir='ltr'>sequuntur.</span> 
     </span>
     <span class='ocr_line' id='line_1_4' title="bbox 10 570 797 652; baseline -0.009 -15"><span class='ocrx_word' id='word_1_19' title='bbox 10 576 68 639; x_wconf 74' lang='lat' dir='ltr'>ted</span> <span class='ocrx_word' id='word_1_20' title='bbox 83 598 141 639; x_wconf 87' lang='lat' dir='ltr'>cnr</span> <span class='ocrx_word' id='word_1_21' title='bbox 154 574 257 636; x_wconf 83' lang='lat' dir='ltr'>infelix</span> <span class='ocrx_word' id='word_1_22' title='bbox 269 573 300 632; x_wconf 90' lang='lat' dir='ltr'>in</span> <span class='ocrx_word' id='word_1_23' title='bbox 314 571 401 652; x_wconf 80' lang='lat' dir='ltr'>culpa</span> <span class='ocrx_word' id='word_1_24' title='bbox 414 583 456 631; x_wconf 86' lang='lat' dir='ltr'>est</span> <span class='ocrx_word' id='word_1_25' title='bbox 470 570 582 632; x_wconf 79' lang='lat' dir='ltr'>femina</span> <span class='ocrx_word' id='word_1_26' title='bbox 595 583 730 647; x_wconf 86' lang='lat' dir='ltr'>tantum,</span> <span class='ocrx_word' id='word_1_27' title='bbox 794 600 797 605; x_wconf 96' lang='lat'><em>·</em></span> 
     </span>
     <span class='ocr_line' id='line_1_5' title="bbox 11 655 818 751; baseline -0.007 -17"><span class='ocrx_word' id='word_1_28' title='bbox 11 668 97 734; x_wconf 65' lang='lat' dir='ltr'>Eum</span> <span class='ocrx_word' id='word_1_29' title='bbox 111 669 225 751; x_wconf 72' lang='lat' dir='ltr'>placeat</span> <span class='ocrx_word' id='word_1_30' title='bbox 236 664 346 726; x_wconf 84' lang='lat' dir='ltr'>stolido</span> <span class='ocrx_word' id='word_1_31' title='bbox 360 665 488 745; x_wconf 88' lang='lat' dir='ltr'>cunjunx</span> <span class='ocrx_word' id='word_1_32' title='bbox 502 655 607 731; x_wconf 75' lang='lat' dir='ltr'>vitiosa</span> <span class='ocrx_word' id='word_1_33' title='bbox 620 665 753 729; x_wconf 81' lang='lat' dir='ltr'>marito?</span> <span class='ocrx_word' id='word_1_34' title='bbox 816 686 818 692; x_wconf 88' lang='lat'>·</span> 
     </span>
     <span class='ocr_line' id='line_1_6' title="bbox 13 757 698 840; baseline -0.007 -17"><span class='ocrx_word' id='word_1_35' title='bbox 13 762 110 823; x_wconf 80' lang='lat' dir='ltr'>Unus</span> <span class='ocrx_word' id='word_1_36' title='bbox 116 762 225 840; x_wconf 87' lang='lat' dir='ltr'>ubique</span> <span class='ocrx_word' id='word_1_37' title='bbox 235 757 449 820; x_wconf 77' lang='lat' dir='ltr'>hostisdiffuso</span> <span class='ocrx_word' id='word_1_38' title='bbox 462 758 581 818; x_wconf 88' lang='lat' dir='ltr'>turbine</span> <span class='ocrx_word' id='word_1_39' title='bbox 594 759 698 818; x_wconf 80' lang='lat' dir='ltr'>saevit:</span> 
     </span>
    </p>

    <p class='ocr_par' dir='ltr' id='par_1_3' title="bbox 15 849 798 1382">
     <span class='ocr_line' id='line_1_7' title="bbox 15 849 733 919; baseline -0.01 -2"><span class='ocrx_word' id='word_1_40' title='bbox 15 855 85 919; x_wconf 58' lang='lat' dir='ltr'>Nec</span> <span class='ocrx_word' id='word_1_41' title='bbox 99 857 214 915; x_wconf 83' lang='lat' dir='ltr'>mimm</span> <span class='ocrx_word' id='word_1_42' title='bbox 223 865 266 913; x_wconf 86' lang='lat' dir='ltr'>est</span> <span class='ocrx_word' id='word_1_43' title='bbox 276 852 356 912; x_wconf 86' lang='lat' dir='ltr'>vinci</span> <span class='ocrx_word' id='word_1_44' title='bbox 369 849 442 910; x_wconf 86' lang='lat' dir='ltr'>belii</span> <span class='ocrx_word' id='word_1_45' title='bbox 454 862 568 911; x_wconf 90' lang='lat' dir='ltr'>terrore</span> <span class='ocrx_word' id='word_1_46' title='bbox 587 852 733 912; x_wconf 77' lang='lat' dir='ltr'>subactos.</span> 
     </span>
     <span class='ocr_line' id='line_1_8' title="bbox 17 944 740 1029; baseline -0.004 -19"><span class='ocrx_word' id='word_1_47' title='bbox 17 949 112 1029; x_wconf 80' lang='lat' dir='ltr'>Quod</span> <span class='ocrx_word' id='word_1_48' title='bbox 125 948 150 1008; x_wconf 94' lang='lat' dir='ltr'>si</span> <span class='ocrx_word' id='word_1_49' title='bbox 163 944 290 1010; x_wconf 81' lang='lat' dir='ltr'>correcti</span> <span class='ocrx_word' id='word_1_50' title='bbox 303 965 409 1005; x_wconf 85' lang='lat' dir='ltr'>sanum</span> <span class='ocrx_word' id='word_1_51' title='bbox 422 964 611 1024; x_wconf 82' lang='lat' dir='ltr'>saperemus,</span> <span class='ocrx_word' id='word_1_52' title='bbox 627 958 656 1006; x_wconf 92' lang='lat' dir='ltr'>et</span> <span class='ocrx_word' id='word_1_53' title='bbox 670 946 740 1007; x_wconf 81' lang='lat' dir='ltr'>atris</span> 
     </span>
     <span class='ocr_line' id='line_1_9' title="bbox 18 1034 777 1121; baseline -0.007 -18"><span class='ocrx_word' id='word_1_54' title='bbox 18 1041 131 1103; x_wconf 79' lang='lat' dir='ltr'>Libera</span> <span class='ocrx_word' id='word_1_55' title='bbox 143 1061 228 1100; x_wconf 87' lang='lat' dir='ltr'>mens</span> <span class='ocrx_word' id='word_1_56' title='bbox 241 1038 357 1099; x_wconf 81' lang='lat' dir='ltr'><strong>nebulis</strong></span> <span class='ocrx_word' id='word_1_57' title='bbox 373 1034 496 1098; x_wconf 85' lang='lat' dir='ltr'>Christo</span> <span class='ocrx_word' id='word_1_58' title='bbox 507 1052 630 1121; x_wconf 83' lang='lat' dir='ltr'>purgata</span> <span class='ocrx_word' id='word_1_59' title='bbox 643 1051 777 1120; x_wconf 80' lang='lat' dir='ltr'>pateret,</span> 
     </span>
     <span class='ocr_line' id='line_1_10' title="bbox 20 1122 778 1210; baseline -0.004 -15"><span class='ocrx_word' id='word_1_60' title='bbox 20 1133 177 1195; x_wconf 63' lang='lat' dir='ltr'>Sittaleem</span> <span class='ocrx_word' id='word_1_61' title='bbox 189 1131 271 1192; x_wconf 81' lang='lat' dir='ltr'>verbi</span> <span class='ocrx_word' id='word_1_62' title='bbox 283 1132 366 1192; x_wconf 90' lang='lat' dir='ltr'>cordi</span> <span class='ocrx_word' id='word_1_63' title='bbox 381 1130 642 1210; x_wconf 71' lang='lat' dir='ltr'>imprimeremus,</span> <span class='ocrx_word' id='word_1_64' title='bbox 656 1145 684 1192; x_wconf 92' lang='lat' dir='ltr'>et</span> <span class='ocrx_word' id='word_1_65' title='bbox 695 1122 778 1192; x_wconf 84' lang='lat' dir='ltr'>illinc</span> 
     </span>
     <span class='ocr_line' id='line_1_11' title="bbox 21 1224 798 1298; baseline -0.003 -11"><span class='ocrx_word' id='word_1_66' title='bbox 21 1227 179 1289; x_wconf 87' lang='lat' dir='ltr'>Velleums</span> <span class='ocrx_word' id='word_1_67' title='bbox 191 1239 324 1287; x_wconf 80' lang='lat' dir='ltr'>veterum</span> <span class='ocrx_word' id='word_1_68' title='bbox 339 1224 479 1285; x_wconf 80' lang='lat' dir='ltr'>vitiorum</span> <span class='ocrx_word' id='word_1_69' title='bbox 493 1225 667 1286; x_wconf 76' lang='lat' dir='ltr'>abscindere</span> <span class='ocrx_word' id='word_1_70' title='bbox 680 1226 798 1298; x_wconf 83' lang='lat' dir='ltr'>nodus,</span> 
     </span>
     <span class='ocr_line' id='line_1_12' title="bbox 21 1298 739 1382; baseline -0.004 0"><span class='ocrx_word' id='word_1_71' title='bbox 21 1322 178 1382; x_wconf 48' lang='lat' dir='ltr'>Adversus,</span> <span class='ocrx_word' id='word_1_72' title='bbox 187 1317 300 1381; x_wconf 78' lang='lat' dir='ltr'>Christi</span> <span class='ocrx_word' id='word_1_73' title='bbox 313 1298 440 1376; x_wconf 57' lang='lat' dir='ltr'>famulos</span> <span class='ocrx_word' id='word_1_74' title='bbox 453 1317 497 1379; x_wconf 87' lang='lat' dir='ltr'>vis</span> <span class='ocrx_word' id='word_1_75' title='bbox 511 1317 591 1377; x_wconf 76' lang='lat' dir='ltr'>nulla</span> <span class='ocrx_word' id='word_1_76' title='bbox 605 1316 717 1378; x_wconf 84' lang='lat' dir='ltr'>valeret</span> <span class='ocrx_word' id='word_1_77' title='bbox 732 1340 739 1379; x_wconf 76' lang='lat' dir='ltr'>t</span> 
     </span>
    </p>

    <p class='ocr_par' dir='ltr' id='par_1_4' title="bbox 23 1410 731 1492">
     <span class='ocr_line' id='line_1_13' title="bbox 23 1410 731 1492; baseline -0.008 -18"><span class='ocrx_word' id='word_1_78' title='bbox 23 1412 92 1476; x_wconf 89' lang='lat' dir='ltr'>Nec</span> <span class='ocrx_word' id='word_1_79' title='bbox 105 1433 167 1473; x_wconf 83' lang='lat' dir='ltr'>nos.</span> <span class='ocrx_word' id='word_1_80' title='bbox 177 1410 296 1492; x_wconf 79' lang='lat' dir='ltr'>Riphaei</span> <span class='ocrx_word' id='word_1_81' title='bbox 309 1423 512 1491; x_wconf 89' lang='lat' dir='ltr'>prosterneret</span> <span class='ocrx_word' id='word_1_82' title='bbox 524 1430 609 1472; x_wconf 83' lang='lat' dir='ltr'>arcus</span> <span class='ocrx_word' id='word_1_83' title='bbox 623 1410 731 1485; x_wconf 81' lang='lat' dir='ltr'>Alani,</span> 
     </span>
    </p>

    <p class='ocr_par' dir='ltr' id='par_1_5' title="bbox 23 1500 762 1579">
     <span class='ocr_line' id='line_1_14' title="bbox 23 1500 762 1579; baseline -0.007 -11"><span class='ocrx_word' id='word_1_84' title='bbox 23 1507 90 1569; x_wconf 86' lang='lat' dir='ltr'>Nec</span> <span class='ocrx_word' id='word_1_85' title='bbox 101 1504 212 1568; x_wconf 78' lang='lat' dir='ltr'>servile</span> <span class='ocrx_word' id='word_1_86' title='bbox 223 1504 313 1565; x_wconf 81' lang='lat' dir='ltr'>etiam</span> <span class='ocrx_word' id='word_1_87' title='bbox 326 1500 508 1564; x_wconf 84' lang='lat' dir='ltr'>subverteret</span> <span class='ocrx_word' id='word_1_88' title='bbox 520 1505 622 1564; x_wconf 84' lang='lat' dir='ltr'>omnia</span> <span class='ocrx_word' id='word_1_89' title='bbox 632 1503 762 1579; x_wconf 85' lang='lat' dir='ltr'>bellum,</span> 
     </span>
    </p>

    <p class='ocr_par' dir='ltr' id='par_1_6' title="bbox 24 1597 767 1867">
     <span class='ocr_line' id='line_1_15' title="bbox 24 1597 754 1680; baseline -0.004 -20"><span class='ocrx_word' id='word_1_90' title='bbox 24 1598 65 1660; x_wconf 86' lang='lat' dir='ltr'>Et</span> <span class='ocrx_word' id='word_1_91' title='bbox 77 1600 127 1679; x_wconf 91' lang='lat' dir='ltr'>qui</span> <span class='ocrx_word' id='word_1_92' title='bbox 142 1610 335 1659; x_wconf 76' lang='lat' dir='ltr'>mne-nostra</span> <span class='ocrx_word' id='word_1_93' title='bbox 347 1609 512 1680; x_wconf 79' lang='lat' dir='ltr'>grassantur</span> <span class='ocrx_word' id='word_1_94' title='bbox 525 1597 608 1658; x_wconf 85' lang='lat' dir='ltr'>clade</span> <span class='ocrx_word' id='word_1_95' title='bbox 622 1597 754 1679; x_wconf 86' lang='lat' dir='ltr'>superbi.</span> 
     </span>
     <span class='ocr_line' id='line_1_16' title="bbox 24 1690 767 1771; baseline -0.004 -18"><span class='ocrx_word' id='word_1_96' title='bbox 24 1693 165 1753; x_wconf 82' lang='lat' dir='ltr'>Attamen</span> <span class='ocrx_word' id='word_1_97' title='bbox 180 1691 213 1750; x_wconf 92' lang='lat' dir='ltr'>in</span> <span class='ocrx_word' id='word_1_98' title='bbox 226 1702 322 1753; x_wconf 78' lang='lat' dir='ltr'>restro</span> <span class='ocrx_word' id='word_1_99' title='bbox 336 1690 454 1771; x_wconf 81' lang='lat' dir='ltr'>populu</span> <span class='ocrx_word' id='word_1_100' title='bbox 465 1711 527 1750; x_wconf 92' lang='lat' dir='ltr'>non</span> <span class='ocrx_word' id='word_1_101' title='bbox 539 1711 605 1750; x_wconf 84' lang='lat' dir='ltr'>rara</span> <span class='ocrx_word' id='word_1_102' title='bbox 616 1692 767 1752; x_wconf 86' lang='lat' dir='ltr'>bonorum</span> 
     </span>
     <span class='ocr_line' id='line_1_17' title="bbox 25 1782 745 1867; baseline 0.001 -21"><span class='ocrx_word' id='word_1_103' title='bbox 25 1785 128 1847; x_wconf 78' lang='lat' dir='ltr'>Turba</span> <span class='ocrx_word' id='word_1_104' title='bbox 137 1785 233 1867; x_wconf 76' lang='lat' dir='ltr'>viget,</span> <span class='ocrx_word' id='word_1_105' title='bbox 249 1782 414 1865; x_wconf 88' lang='lat' dir='ltr'>multosque</span> <span class='ocrx_word' id='word_1_106' title='bbox 429 1784 495 1864; x_wconf 88' lang='lat' dir='ltr'>pios</span> <span class='ocrx_word' id='word_1_107' title='bbox 506 1784 630 1846; x_wconf 82' lang='lat' dir='ltr'>ecclesie</span> <span class='ocrx_word' id='word_1_108' title='bbox 643 1785 745 1847; x_wconf 84' lang='lat' dir='ltr'>nutrit.</span> 
     </span>
    </p>

    <p class='ocr_par' dir='ltr' id='par_1_7' title="bbox 25 1876 903 2144">
     <span class='ocr_line' id='line_1_18' title="bbox 66 1876 903 1959; baseline -0.01 -19"><span class='ocrx_word' id='word_1_109' title='bbox 66 1876 146 1940; x_wconf 90' lang='lat' dir='ltr'>Sunt</span> <span class='ocrx_word' id='word_1_110' title='bbox 157 1879 247 1959; x_wconf 84' lang='lat' dir='ltr'>plane</span> <span class='ocrx_word' id='word_1_111' title='bbox 261 1878 392 1936; x_wconf 73' lang='lat' dir='ltr'>insontes</span> <span class='ocrx_word' id='word_1_112' title='bbox 404 1877 509 1951; x_wconf 76' lang='lat' dir='ltr'>multi,</span> <span class='ocrx_word' id='word_1_113' title='bbox 526 1876 615 1937; x_wconf 83' lang='lat' dir='ltr'>Pater</span> <span class='ocrx_word' id='word_1_114' title='bbox 627 1879 761 1958; x_wconf 86' lang='lat' dir='ltr'>optime,</span> <span class='ocrx_word' id='word_1_115' title='bbox 775 1895 903 1954; x_wconf 88' lang='lat' dir='ltr'>quorum</span> 
     </span>
     <span class='ocr_line' id='line_1_19' title="bbox 25 1962 827 2053; baseline -0.006 -19"><span class='ocrx_word' id='word_1_116' title='bbox 25 1970 106 2034; x_wconf 80' lang='lat' dir='ltr'>Esse</span> <span class='ocrx_word' id='word_1_117' title='bbox 115 1972 207 2033; x_wconf 79' lang='lat' dir='ltr'>veiim</span> <span class='ocrx_word' id='word_1_118' title='bbox 219 1970 343 2031; x_wconf 82' lang='lat' dir='ltr'>similis:</span> <span class='ocrx_word' id='word_1_119' title='bbox 357 1991 413 2031; x_wconf 87' lang='lat' dir='ltr'>nec</span> <span class='ocrx_word' id='word_1_120' title='bbox 426 1972 531 2030; x_wconf 78' lang='lat' dir='ltr'>desunt</span> <span class='ocrx_word' id='word_1_121' title='bbox 544 1973 574 2030; x_wconf 91' lang='lat' dir='ltr'>in</span> <span class='ocrx_word' id='word_1_122' title='bbox 586 1992 672 2053; x_wconf 81' lang='lat' dir='ltr'>grege</span> <span class='ocrx_word' id='word_1_123' title='bbox 687 1983 790 2030; x_wconf 88' lang='lat' dir='ltr'>nustro</span> <span class='ocrx_word' id='word_1_124' title='bbox 824 1962 827 1971; x_wconf 75' lang='grc'><em>’</em></span> 
     </span>
     <span class='ocr_line' id='line_1_20' title="bbox 26 2065 761 2144; baseline -0.005 -18"><span class='ocrx_word' id='word_1_125' title='bbox 26 2065 181 2128; x_wconf 71' lang='lat' dir='ltr'>Victrices</span> <span class='ocrx_word' id='word_1_126' title='bbox 197 2065 299 2139; x_wconf 79' lang='lat' dir='ltr'>reddat</span> <span class='ocrx_word' id='word_1_127' title='bbox 308 2084 380 2144; x_wconf 80' lang='lat' dir='ltr'>quas</span> <span class='ocrx_word' id='word_1_128' title='bbox 393 2084 475 2124; x_wconf 83' lang='lat' dir='ltr'>sexus</span> <span class='ocrx_word' id='word_1_129' title='bbox 489 2077 612 2142; x_wconf 92' lang='lat' dir='ltr'>uterque</span> <span class='ocrx_word' id='word_1_130' title='bbox 627 2084 761 2124; x_wconf 85' lang='lat' dir='ltr'>coronas.</span> 
     </span>
    </p>

    <p class='ocr_par' dir='ltr' id='par_1_8' title="bbox 26 2156 863 2518">
     <span class='ocr_line' id='line_1_21' title="bbox 26 2156 863 2239; baseline -0.013 -15"><span class='ocrx_word' id='word_1_131' title='bbox 26 2161 74 2224; x_wconf 78' lang='lat' dir='ltr'>Ac</span> <span class='ocrx_word' id='word_1_132' title='bbox 84 2161 110 2220; x_wconf 84' lang='lat' dir='ltr'>si</span> <span class='ocrx_word' id='word_1_133' title='bbox 124 2159 196 2238; x_wconf 91' lang='lat' dir='ltr'>quid</span> <span class='ocrx_word' id='word_1_134' title='bbox 207 2158 335 2239; x_wconf 86' lang='lat' dir='ltr'>patriam</span> <span class='ocrx_word' id='word_1_135' title='bbox 349 2159 555 2230; x_wconf 76' lang='lat' dir='ltr'>commendat,</span> <span class='ocrx_word' id='word_1_136' title='bbox 568 2157 592 2218; x_wconf 88' lang='lat' dir='ltr'>si</span> <span class='ocrx_word' id='word_1_137' title='bbox 607 2157 678 2235; x_wconf 88' lang='lat' dir='ltr'>quid</span> <span class='ocrx_word' id='word_1_138' title='bbox 692 2157 723 2215; x_wconf 90' lang='lat' dir='ltr'>in</span> <span class='ocrx_word' id='word_1_139' title='bbox 738 2156 789 2215; x_wconf 84' lang='lat' dir='ltr'>itta</span> <span class='ocrx_word' id='word_1_140' title='bbox 802 2167 863 2229; x_wconf 86' lang='lat' dir='ltr'>est,</span> 
     </span>
     <span class='ocr_line' id='line_1_22' title="bbox 31 2249 842 2334; baseline -0.005 -21"><span class='ocrx_word' id='word_1_141' title='bbox 31 2250 125 2330; x_wconf 80' lang='lat' dir='ltr'>Quod</span> <span class='ocrx_word' id='word_1_142' title='bbox 135 2253 217 2334; x_wconf 78' lang='lat' dir='ltr'>jurat</span> <span class='ocrx_word' id='word_1_143' title='bbox 231 2251 308 2311; x_wconf 82' lang='lat' dir='ltr'>:hoc</span> <span class='ocrx_word' id='word_1_144' title='bbox 321 2272 414 2310; x_wconf 87' lang='lat' dir='ltr'>unum</span> <span class='ocrx_word' id='word_1_145' title='bbox 428 2263 488 2323; x_wconf 82' lang='lat' dir='ltr'>est,</span> <span class='ocrx_word' id='word_1_146' title='bbox 501 2251 564 2311; x_wconf 78' lang='lat' dir='ltr'>huuc</span> <span class='ocrx_word' id='word_1_147' title='bbox 577 2264 643 2310; x_wconf 87' lang='lat' dir='ltr'>sunt</span> <span class='ocrx_word' id='word_1_148' title='bbox 656 2249 759 2310; x_wconf 80' lang='lat' dir='ltr'>solatia</span> <span class='ocrx_word' id='word_1_149' title='bbox 769 2251 842 2309; x_wconf 86' lang='lat' dir='ltr'>vitae.</span> 
     </span>
     <span class='ocr_line' id='line_1_23' title="bbox 30 2341 824 2426; baseline -0.009 -19"><span class='ocrx_word' id='word_1_150' title='bbox 30 2342 123 2407; x_wconf 82' lang='lat' dir='ltr'>Nunc</span> <span class='ocrx_word' id='word_1_151' title='bbox 135 2365 188 2426; x_wconf 79' lang='lat' dir='ltr'>age</span> <span class='ocrx_word' id='word_1_152' title='bbox 201 2364 268 2404; x_wconf 85' lang='lat' dir='ltr'>eare</span> <span class='ocrx_word' id='word_1_153' title='bbox 284 2341 391 2416; x_wconf 87' lang='lat' dir='ltr'>Pater,</span> <span class='ocrx_word' id='word_1_154' title='bbox 409 2344 517 2423; x_wconf 89' lang='lat' dir='ltr'>cupido</span> <span class='ocrx_word' id='word_1_155' title='bbox 531 2344 605 2403; x_wconf 92' lang='lat' dir='ltr'>mihi</span> <span class='ocrx_word' id='word_1_156' title='bbox 620 2344 682 2404; x_wconf 81' lang='lat' dir='ltr'>iare</span> <span class='ocrx_word' id='word_1_157' title='bbox 695 2343 824 2404; x_wconf 86' lang='lat' dir='ltr'>vicissim</span> 
     </span>
     <span class='ocr_line' id='line_1_24' title="bbox 31 2434 777 2518; baseline -0.003 -21"><span class='ocrx_word' id='word_1_158' title='bbox 31 2434 152 2516; x_wconf 72' lang='lat' dir='ltr'>Qum-te</span> <span class='ocrx_word' id='word_1_159' title='bbox 166 2437 255 2518; x_wconf 88' lang='lat' dir='ltr'>digna</span> <span class='ocrx_word' id='word_1_160' title='bbox 267 2436 336 2495; x_wconf 80' lang='lat' dir='ltr'>satis</span> <span class='ocrx_word' id='word_1_161' title='bbox 346 2437 465 2514; x_wconf 83' lang='lat' dir='ltr'>requies</span> <span class='ocrx_word' id='word_1_162' title='bbox 477 2436 640 2515; x_wconf 78' lang='lat' dir='ltr'>susceperit</span> <span class='ocrx_word' id='word_1_163' title='bbox 653 2459 660 2495; x_wconf 91' lang='lat'><strong>:</strong></span> <span class='ocrx_word' id='word_1_164' title='bbox 673 2457 707 2496; x_wconf 89' lang='lat' dir='ltr'>ex</span> <span class='ocrx_word' id='word_1_165' title='bbox 718 2457 777 2514; x_wconf 89' lang='lat' dir='ltr'>quo</span> 
     </span>
    </p>

    <p class='ocr_par' dir='ltr' id='par_1_9' title="bbox 32 2526 782 2610">
     <span class='ocr_line' id='line_1_25' title="bbox 32 2526 782 2610; baseline -0.007 -21"><span class='ocrx_word' id='word_1_166' title='bbox 32 2526 79 2590; x_wconf 84' lang='lat' dir='ltr'>Te</span> <span class='ocrx_word' id='word_1_167' title='bbox 93 2531 185 2591; x_wconf 88' lang='lat' dir='ltr'>eorde</span> <span class='ocrx_word' id='word_1_168' title='bbox 197 2529 267 2590; x_wconf 90' lang='lat' dir='ltr'>hinc</span> <span class='ocrx_word' id='word_1_169' title='bbox 278 2541 392 2610; x_wconf 82' lang='lat' dir='ltr'>gestans</span> <span class='ocrx_word' id='word_1_170' title='bbox 406 2528 482 2601; x_wconf 76' lang='lat' dir='ltr'>atii,</span> <span class='ocrx_word' id='word_1_171' title='bbox 498 2542 654 2607; x_wconf 84' lang='lat' dir='ltr'>tecumque</span> <span class='ocrx_word' id='word_1_172' title='bbox 668 2527 782 2600; x_wconf 80' lang='lat' dir='ltr'>refelli,</span> 
     </span>
    </p>

    <p class='ocr_par' dir='ltr' id='par_1_10' title="bbox 28 2617 882 2780">
     <span class='ocr_line' id='line_1_26' title="bbox 28 2617 882 2703; baseline -0.011 -20"><span class='ocrx_word' id='word_1_173' title='bbox 28 2620 106 2683; x_wconf 83' lang='lat' dir='ltr'>Non</span> <span class='ocrx_word' id='word_1_174' title='bbox 120 2623 259 2701; x_wconf 85' lang='lat' dir='ltr'>equidem</span> <span class='ocrx_word' id='word_1_175' title='bbox 274 2622 382 2681; x_wconf 86' lang='lat' dir='ltr'>invitus</span> <span class='ocrx_word' id='word_1_176' title='bbox 395 2621 526 2682; x_wconf 80' lang='lat' dir='ltr'>reculam</span> <span class='ocrx_word' id='word_1_177' title='bbox 541 2642 605 2682; x_wconf 84' lang='lat' dir='ltr'>mea</span> <span class='ocrx_word' id='word_1_178' title='bbox 619 2621 724 2703; x_wconf 79' lang='lat' dir='ltr'>gaudia</span> <span class='ocrx_word' id='word_1_179' title='bbox 739 2617 882 2689; x_wconf 81' lang='lat' dir='ltr'>Saltnon,</span> 
     </span>
     <span class='ocr_line' id='line_1_27' title="bbox 28 2713 745 2780; baseline -0.007 -5"><span class='ocrx_word' id='word_1_180' title='bbox 28 2713 98 2777; x_wconf 84' lang='lat' dir='ltr'>Nec</span> <span class='ocrx_word' id='word_1_181' title='bbox 111 2729 140 2775; x_wconf 91' lang='lat' dir='ltr'>te</span> <span class='ocrx_word' id='word_1_182' title='bbox 151 2728 307 2780; x_wconf 83' lang='lat' dir='ltr'>taurorum</span> <span class='ocrx_word' id='word_1_183' title='bbox 322 2714 433 2774; x_wconf 88' lang='lat' dir='ltr'>indicio</span> <span class='ocrx_word' id='word_1_184' title='bbox 445 2713 571 2774; x_wconf 82' lang='lat' dir='ltr'>laudabo</span> <span class='ocrx_word' id='word_1_185' title='bbox 583 2715 745 2773; x_wconf 86' lang='lat' dir='ltr'>bonorum.</span> 
     </span>
    </p>

    <p class='ocr_par' dir='ltr' id='par_1_11' title="bbox 32 2806 686 2890">
     <span class='ocr_line' id='line_1_28' title="bbox 32 2806 686 2890; baseline -0.009 -21"><span class='ocrx_word' id='word_1_186' title='bbox 32 2806 90 2869; x_wconf 83' lang='lat' dir='ltr'>Sed</span> <span class='ocrx_word' id='word_1_187' title='bbox 102 2812 165 2890; x_wconf 85' lang='lat' dir='ltr'>jam</span> <span class='ocrx_word' id='word_1_188' title='bbox 177 2807 309 2870; x_wconf 81' lang='lat' dir='ltr'>conclusi</span> <span class='ocrx_word' id='word_1_189' title='bbox 322 2827 377 2866; x_wconf 88' lang='lat' dir='ltr'>uos</span> <span class='ocrx_word' id='word_1_190' title='bbox 388 2808 529 2867; x_wconf 85' lang='lat' dir='ltr'>admonet</span> <span class='ocrx_word' id='word_1_191' title='bbox 539 2808 613 2866; x_wconf 87' lang='lat' dir='ltr'>hora</span> <span class='ocrx_word' id='word_1_192' title='bbox 627 2806 686 2864; x_wconf 89' lang='lat' dir='ltr'>diei</span> 
     </span>
    </p>

    <p class='ocr_par' dir='ltr' id='par_1_12' title="bbox 32 2898 840 3058">
     <span class='ocr_line' id='line_1_29' title="bbox 32 2898 840 2984; baseline -0.011 -23"><span class='ocrx_word' id='word_1_193' title='bbox 32 2898 178 2984; x_wconf 82' lang='lat' dir='ltr'>Surgere,</span> <span class='ocrx_word' id='word_1_194' title='bbox 192 2916 221 2961; x_wconf 85' lang='lat' dir='ltr'>et</span> <span class='ocrx_word' id='word_1_195' title='bbox 233 2903 269 2960; x_wconf 87' lang='lat' dir='ltr'>ad</span> <span class='ocrx_word' id='word_1_196' title='bbox 278 2919 376 2960; x_wconf 79' lang='lat' dir='ltr'>saeros</span> <span class='ocrx_word' id='word_1_197' title='bbox 389 2914 558 2961; x_wconf 86' lang='lat' dir='ltr'>sanctorum</span> <span class='ocrx_word' id='word_1_198' title='bbox 572 2917 728 2959; x_wconf 81' lang='lat' dir='ltr'>occurrere</span> <span class='ocrx_word' id='word_1_199' title='bbox 743 2906 840 2957; x_wconf 85' lang='lat' dir='ltr'>coetus.</span> 
     </span>
     <span class='ocr_line' id='line_1_30' title="bbox 35 2990 710 3058; baseline -0.015 0"><span class='ocrx_word' id='word_1_200' title='bbox 35 2990 173 3058; x_wconf 81' lang='lat' dir='ltr'>Crastina</span> <span class='ocrx_word' id='word_1_201' title='bbox 185 2992 340 3056; x_wconf 79' lang='lat' dir='ltr'>luxverbis</span> <span class='ocrx_word' id='word_1_202' title='bbox 353 2995 473 3056; x_wconf 86' lang='lat' dir='ltr'>accedet</span> <span class='ocrx_word' id='word_1_203' title='bbox 485 2991 581 3051; x_wconf 78' lang='lat' dir='ltr'>libera</span> <span class='ocrx_word' id='word_1_204' title='bbox 593 2990 710 3049; x_wconf 87' lang='lat' dir='ltr'>nostris.</span> 
     </span>
    </p>
   </div>
   <div class='ocr_carea' id='block_1_3' title="bbox 0 0 1043 3714">
    <p class='ocr_par' dir='ltr' id='par_1_13' title="bbox 0 0 1043 3714">
     <span class='ocr_line' id='line_1_31' title="bbox 0 0 1043 3714; baseline 0 0"><span class='ocrx_word' id='word_1_205' title='bbox 0 0 1043 3714; x_wconf 95' lang='lat' dir='ltr'> </span> 
     </span>
    </p>
   </div>
  </div>
 </body>
</html>
