<?xml version="1.0" encoding="UTF-8"?>
<!DOCTYPE html PUBLIC "-//W3C//DTD XHTML 1.0 Transitional//EN"
    "http://www.w3.org/TR/xhtml1/DTD/xhtml1-transitional.dtd">
<html xmlns="http://www.w3.org/1999/xhtml" xml:lang="en" lang="en">
 <head>
  <title>
</title>
<meta http-equiv="Content-Type" content="text/html;charset=utf-8" />
  <meta name='ocr-system' content='tesseract 3.04.00' />
  <meta name='ocr-capabilities' content='ocr_page ocr_carea ocr_par ocr_line ocrx_word'/>
</head>
<body>
  <div class='ocr_page' id='page_1' title='image "./qsflorentistert00tertgoog_0185.png"; bbox 0 0 2046 3712; ppageno 0'>
   <div class='ocr_carea' id='block_1_1' title="bbox 35 268 924 3155">
    <p class='ocr_par' dir='ltr' id='par_1_1' title="bbox 35 268 922 1928">
     <span class='ocr_line' id='line_1_1' title="bbox 35 268 897 363; baseline 0.007 -28"><span class='ocrx_word' id='word_1_1' title='bbox 35 268 42 277; x_wconf 73' lang='grc'><em>’</em></span> <span class='ocrx_word' id='word_1_2' title='bbox 94 294 150 353; x_wconf 81' lang='lat'>¹7²</span> <span class='ocrx_word' id='word_1_3' title='bbox 350 282 723 363; x_wconf 21' lang='lat' dir='ltr'>&#39;cmummtctd</span> <span class='ocrx_word' id='word_1_4' title='bbox 785 286 789 295; x_wconf 91' lang='grc'><strong>“</strong></span> <span class='ocrx_word' id='word_1_5' title='bbox 883 268 897 289; x_wconf 73' lang='grc'><strong>”</strong></span> 
     </span>
     <span class='ocr_line' id='line_1_2' title="bbox 91 370 868 467; baseline 0.008 -28"><span class='ocrx_word' id='word_1_6' title='bbox 91 377 251 458; x_wconf 76' lang='lat' dir='ltr'>Praeeipit,</span> <span class='ocrx_word' id='word_1_7' title='bbox 262 390 292 437; x_wconf 90' lang='lat' dir='ltr'>et</span> <span class='ocrx_word' id='word_1_8' title='bbox 306 397 373 439; x_wconf 89' lang='lat' dir='ltr'>cara</span> <span class='ocrx_word' id='word_1_9' title='bbox 385 378 440 438; x_wconf 90' lang='lat' dir='ltr'>tibi</span> <span class='ocrx_word' id='word_1_10' title='bbox 453 399 523 439; x_wconf 85' lang='lat' dir='ltr'>mox</span> <span class='ocrx_word' id='word_1_11' title='bbox 534 399 552 441; x_wconf 91' lang='lat' dir='ltr'>e</span> <span class='ocrx_word' id='word_1_12' title='bbox 564 380 690 463; x_wconf 82' lang='lat' dir='ltr'>conjuge</span> <span class='ocrx_word' id='word_1_13' title='bbox 701 374 811 445; x_wconf 76' lang='lat' dir='ltr'>natnt&#39;n</span> <span class='ocrx_word' id='word_1_14' title='bbox 844 460 848 467; x_wconf 30' lang='grc' dir='ltr'>Ι</span> <span class='ocrx_word' id='word_1_15' title='bbox 864 370 868 377; x_wconf 59' lang='grc'><strong>’</strong></span> 
     </span>
     <span class='ocr_line' id='line_1_3' title="bbox 89 470 904 561; baseline 0.004 -30"><span class='ocrx_word' id='word_1_16' title='bbox 89 470 260 545; x_wconf 89' lang='lat' dir='ltr'>Promittit‚</span> <span class='ocrx_word' id='word_1_17' title='bbox 272 472 391 554; x_wconf 81' lang='lat' dir='ltr'>grandis</span> <span class='ocrx_word' id='word_1_18' title='bbox 403 492 504 533; x_wconf 89' lang='lat' dir='ltr'>rerum</span> <span class='ocrx_word' id='word_1_19' title='bbox 518 473 564 533; x_wconf 92' lang='lat' dir='ltr'>cui</span> <span class='ocrx_word' id='word_1_20' title='bbox 576 472 673 556; x_wconf 79' lang='lat' dir='ltr'>gloria</span> <span class='ocrx_word' id='word_1_21' title='bbox 685 486 797 550; x_wconf 80' lang='lat' dir='ltr'>restat,</span> <span class='ocrx_word' id='word_1_22' title='bbox 885 502 904 561; x_wconf 37' lang='lat'><em>...-</em></span> 
     </span>
     <span class='ocr_line' id='line_1_4' title="bbox 88 563 851 649; baseline 0.007 -25"><span class='ocrx_word' id='word_1_23' title='bbox 88 563 225 625; x_wconf 88' lang='lat' dir='ltr'>Plurima</span> <span class='ocrx_word' id='word_1_24' title='bbox 238 566 289 644; x_wconf 91' lang='lat' dir='ltr'>qui</span> <span class='ocrx_word' id='word_1_25' title='bbox 302 565 421 645; x_wconf 87' lang='lat' dir='ltr'>populis</span> <span class='ocrx_word' id='word_1_26' title='bbox 434 566 701 649; x_wconf 43' lang='lat' dir='ltr'>nascendoegaudia</span> <span class='ocrx_word' id='word_1_27' title='bbox 717 578 851 647; x_wconf 71' lang='lat' dir='ltr'>qureret,</span> 
     </span>
     <span class='ocr_line' id='line_1_5' title="bbox 91 655 879 743; baseline 0 -24"><span class='ocrx_word' id='word_1_28' title='bbox 91 655 217 719; x_wconf 87' lang='lat' dir='ltr'><strong>Sobrius</strong></span> <span class='ocrx_word' id='word_1_29' title='bbox 230 671 391 729; x_wconf 68' lang='lat' dir='ltr'>ueternum</span> <span class='ocrx_word' id='word_1_30' title='bbox 407 656 539 723; x_wconf 81' lang='lat' dir='ltr'>elansum</span> <span class='ocrx_word' id='word_1_31' title='bbox 552 680 644 740; x_wconf 80' lang='lat' dir='ltr'>quem</span> <span class='ocrx_word' id='word_1_32' title='bbox 658 652 879 743; x_wconf 68' lang='lat' dir='ltr'>Spiritnsipr&#39;u</span> 
     </span>
     <span class='ocr_line' id='line_1_6' title="bbox 87 744 901 833; baseline 0.01 -25"><span class='ocrx_word' id='word_1_33' title='bbox 87 748 264 811; x_wconf 83' lang='lat' dir='ltr'>Visceribus</span> <span class='ocrx_word' id='word_1_34' title='bbox 278 752 381 830; x_wconf 89' lang='lat' dir='ltr'>matris</span> <span class='ocrx_word' id='word_1_35' title='bbox 394 751 560 833; x_wconf 84' lang='lat' dir='ltr'><strong>complebit</strong></span> <span class='ocrx_word' id='word_1_36' title='bbox 576 751 702 813; x_wconf 89' lang='lat' dir='ltr'>numine</span> <span class='ocrx_word' id='word_1_37' title='bbox 714 752 810 815; x_wconf 81' lang='lat' dir='ltr'>claro.</span> <span class='ocrx_word' id='word_1_38' title='bbox 883 744 901 803; x_wconf 57' lang='grc'>’-</span> 
     </span>
     <span class='ocr_line' id='line_1_7' title="bbox 87 830 896 926; baseline 0.006 -21"><span class='ocrx_word' id='word_1_39' title='bbox 87 844 176 905; x_wconf 91' lang='lat' dir='ltr'>lstins</span> <span class='ocrx_word' id='word_1_40' title='bbox 187 841 235 907; x_wconf 89' lang='lat' dir='ltr'>bic</span> <span class='ocrx_word' id='word_1_41' title='bbox 248 846 352 926; x_wconf 88' lang='lat' dir='ltr'>populi</span> <span class='ocrx_word' id='word_1_42' title='bbox 365 859 482 925; x_wconf 92' lang='lat' dir='ltr'>partem</span> <span class='ocrx_word' id='word_1_43' title='bbox 497 845 673 926; x_wconf 80' lang='lat' dir='ltr'>pleramque</span> <span class='ocrx_word' id='word_1_44' title='bbox 683 847 826 910; x_wconf 83' lang='lat' dir='ltr'>docendo</span> <span class='ocrx_word' id='word_1_45' title='bbox 882 830 896 851; x_wconf 53' lang='lat'>&#39;⁸</span> 
     </span>
     <span class='ocr_line' id='line_1_8' title="bbox 84 936 887 1019; baseline 0.004 -20"><span class='ocrx_word' id='word_1_46' title='bbox 84 936 855 1019; x_wconf 42' lang='lat' dir='ltr'>AdverumconvertetiterpDominamque,1)ett</span> <span class='ocrx_word' id='word_1_47' title='bbox 883 1006 887 1019; x_wconf 37' lang='lat'>2</span> 
     </span>
     <span class='ocr_line' id='line_1_9' title="bbox 91 1030 902 1113; baseline -0.001 -19"><span class='ocrx_word' id='word_1_48' title='bbox 91 1030 244 1094; x_wconf 81' lang='lat' dir='ltr'><strong>Continuo</strong></span> <span class='ocrx_word' id='word_1_49' title='bbox 258 1033 372 1112; x_wconf 90' lang='lat' dir='ltr'>primus</span> <span class='ocrx_word' id='word_1_50' title='bbox 385 1044 502 1107; x_wconf 83' lang='lat' dir='ltr'>noscet,</span> <span class='ocrx_word' id='word_1_51' title='bbox 516 1031 698 1113; x_wconf 83' lang='lat' dir='ltr'>plebemque</span> <span class='ocrx_word' id='word_1_52' title='bbox 711 1032 836 1093; x_wconf 84' lang='lat' dir='ltr'>vocabit</span> <span class='ocrx_word' id='word_1_53' title='bbox 848 1054 857 1093; x_wconf 80' lang='lat' dir='ltr'>r</span> <span class='ocrx_word' id='word_1_54' title='bbox 897 1062 902 1071; x_wconf 94' lang='lat'>·</span> 
     </span>
     <span class='ocr_line' id='line_1_10' title="bbox 88 1125 908 1199; baseline -0.001 -11"><span class='ocrx_word' id='word_1_55' title='bbox 88 1125 225 1188; x_wconf 88' lang='lat' dir='ltr'>Nomine</span> <span class='ocrx_word' id='word_1_56' title='bbox 238 1125 392 1186; x_wconf 82' lang='lat' dir='ltr'>doannem</span> <span class='ocrx_word' id='word_1_57' title='bbox 402 1126 482 1186; x_wconf 90' lang='lat' dir='ltr'>hunc</span> <span class='ocrx_word' id='word_1_58' title='bbox 493 1138 526 1186; x_wconf 93' lang='lat' dir='ltr'>tu</span> <span class='ocrx_word' id='word_1_59' title='bbox 539 1126 670 1187; x_wconf 77' lang='lat' dir='ltr'>vocitare</span> <span class='ocrx_word' id='word_1_60' title='bbox 682 1134 852 1187; x_wconf 84' lang='lat' dir='ltr'>memento.</span> <span class='ocrx_word' id='word_1_61' title='bbox 897 1142 908 1199; x_wconf 64' lang='grc' dir='ltr'><strong><em>ς</em></strong></span> 
     </span>
     <span class='ocr_line' id='line_1_11' title="bbox 91 1217 908 1299; baseline -0.005 -18"><span class='ocrx_word' id='word_1_62' title='bbox 91 1217 158 1281; x_wconf 87' lang='lat' dir='ltr'>Olli</span> <span class='ocrx_word' id='word_1_63' title='bbox 170 1219 291 1281; x_wconf 80' lang='lat' dir='ltr'>confusa</span> <span class='ocrx_word' id='word_1_64' title='bbox 306 1218 460 1299; x_wconf 88' lang='lat' dir='ltr'>respondit</span> <span class='ocrx_word' id='word_1_65' title='bbox 471 1231 572 1282; x_wconf 87' lang='lat' dir='ltr'>mente</span> <span class='ocrx_word' id='word_1_66' title='bbox 583 1218 750 1283; x_wconf 66' lang='lat' dir='ltr'>sacerdon</span> <span class='ocrx_word' id='word_1_67' title='bbox 904 1238 908 1245; x_wconf 93' lang='lat'><em>·</em></span> 
     </span>
     <span class='ocr_line' id='line_1_12' title="bbox 88 1300 898 1392; baseline -0.004 -18"><span class='ocrx_word' id='word_1_68' title='bbox 88 1312 218 1374; x_wconf 74' lang='lat' dir='ltr'>,tttmuta</span> <span class='ocrx_word' id='word_1_69' title='bbox 232 1312 386 1392; x_wconf 81' lang='lat' dir='ltr'>promissis</span> <span class='ocrx_word' id='word_1_70' title='bbox 401 1311 515 1371; x_wconf 88' lang='lat' dir='ltr'>obsistit</span> <span class='ocrx_word' id='word_1_71' title='bbox 528 1310 637 1371; x_wconf 77' lang='lat' dir='ltr'>talibus</span> <span class='ocrx_word' id='word_1_72' title='bbox 648 1323 739 1383; x_wconf 77' lang='lat' dir='ltr'>etas,</span> <span class='ocrx_word' id='word_1_73' title='bbox 798 1376 802 1383; x_wconf 64' lang='grc'><strong>,</strong></span> <span class='ocrx_word' id='word_1_74' title='bbox 889 1300 898 1319; x_wconf 60' lang='grc'>“’</span> 
     </span>
     <span class='ocr_line' id='line_1_13' title="bbox 87 1402 901 1485; baseline -0.004 -19"><span class='ocrx_word' id='word_1_75' title='bbox 87 1404 157 1467; x_wconf 88' lang='lat' dir='ltr'>Nec</span> <span class='ocrx_word' id='word_1_76' title='bbox 168 1405 286 1465; x_wconf 83' lang='lat' dir='ltr'>senibus</span> <span class='ocrx_word' id='word_1_77' title='bbox 298 1403 418 1464; x_wconf 85' lang='lat' dir='ltr'>soboles</span> <span class='ocrx_word' id='word_1_78' title='bbox 430 1404 541 1484; x_wconf 90' lang='lat' dir='ltr'>poterit</span> <span class='ocrx_word' id='word_1_79' title='bbox 553 1403 727 1485; x_wconf 70' lang='lat' dir='ltr'>contingere</span> <span class='ocrx_word' id='word_1_80' title='bbox 740 1402 846 1475; x_wconf 69' lang='lat' dir='ltr'>tenir,</span> <span class='ocrx_word' id='word_1_81' title='bbox 898 1402 901 1409; x_wconf 84' lang='lat'>&#39;</span> 
     </span>
     <span class='ocr_line' id='line_1_14' title="bbox 90 1494 898 1581; baseline 0.002 -24"><span class='ocrx_word' id='word_1_82' title='bbox 90 1496 194 1576; x_wconf 88' lang='lat' dir='ltr'>Quam</span> <span class='ocrx_word' id='word_1_83' title='bbox 207 1496 291 1557; x_wconf 87' lang='lat' dir='ltr'>Deus</span> <span class='ocrx_word' id='word_1_84' title='bbox 305 1509 440 1556; x_wconf 86' lang='lat' dir='ltr'>avertens</span> <span class='ocrx_word' id='word_1_85' title='bbox 452 1496 595 1577; x_wconf 82' lang='lat' dir='ltr'>primaevo</span> <span class='ocrx_word' id='word_1_86' title='bbox 610 1496 640 1557; x_wconf 93' lang='lat' dir='ltr'>in</span> <span class='ocrx_word' id='word_1_87' title='bbox 652 1494 729 1556; x_wconf 81' lang='lat' dir='ltr'>flore</span> <span class='ocrx_word' id='word_1_88' title='bbox 740 1494 874 1581; x_wconf 59' lang='lat' dir='ltr'>negavi&amp;</span> <span class='ocrx_word' id='word_1_89' title='bbox 886 1546 898 1579; x_wconf 92' lang='lat'>·.</span> 
     </span>
     <span class='ocr_line' id='line_1_15' title="bbox 90 1586 907 1669; baseline -0.001 -21"><span class='ocrx_word' id='word_1_90' title='bbox 90 1588 167 1650; x_wconf 80' lang='lat' dir='ltr'>Haec</span> <span class='ocrx_word' id='word_1_91' title='bbox 180 1590 330 1669; x_wconf 72' lang='lat' dir='ltr'>trepidans</span> <span class='ocrx_word' id='word_1_92' title='bbox 344 1602 437 1659; x_wconf 80' lang='lat' dir='ltr'>vates3</span> <span class='ocrx_word' id='word_1_93' title='bbox 453 1588 501 1650; x_wconf 91' lang='lat' dir='ltr'>cni</span> <span class='ocrx_word' id='word_1_94' title='bbox 515 1588 723 1650; x_wconf 82' lang='lat' dir='ltr'>talia-nuncius</span> <span class='ocrx_word' id='word_1_95' title='bbox 734 1586 844 1647; x_wconf 72' lang='lat' dir='ltr'>addite</span> <span class='ocrx_word' id='word_1_96' title='bbox 893 1608 907 1667; x_wconf 58' lang='grc' dir='ltr'>χ-</span> 
     </span>
     <span class='ocr_line' id='line_1_16' title="bbox 89 1670 909 1765; baseline 0.004 -23"><span class='ocrx_word' id='word_1_97' title='bbox 89 1679 123 1742; x_wconf 82' lang='lat' dir='ltr'>Si</span> <span class='ocrx_word' id='word_1_98' title='bbox 135 1682 190 1742; x_wconf 87' lang='lat' dir='ltr'>tibi</span> <span class='ocrx_word' id='word_1_99' title='bbox 204 1670 337 1743; x_wconf 77' lang='lat' dir='ltr'>mortalis¹</span> <span class='ocrx_word' id='word_1_100' title='bbox 348 1681 485 1743; x_wconf 84' lang='lat' dir='ltr'>sobolem</span> <span class='ocrx_word' id='word_1_101' title='bbox 497 1682 687 1762; x_wconf 75' lang='lat' dir='ltr'>promitteret</span> <span class='ocrx_word' id='word_1_102' title='bbox 699 1680 803 1755; x_wconf 71' lang='lat' dir='ltr'>olins,</span> <span class='ocrx_word' id='word_1_103' title='bbox 898 1740 909 1765; x_wconf 39' lang='grc'>1.</span> 
     </span>
     <span class='ocr_line' id='line_1_17' title="bbox 88 1762 922 1871; baseline -0.001 -38"><span class='ocrx_word' id='word_1_104' title='bbox 88 1776 139 1833; x_wconf 83' lang='lat' dir='ltr'>Ad</span> <span class='ocrx_word' id='word_1_105' title='bbox 151 1774 370 1854; x_wconf 86' lang='lat' dir='ltr'>desperandum</span> <span class='ocrx_word' id='word_1_106' title='bbox 382 1776 481 1834; x_wconf 79' lang='lat' dir='ltr'>forsan</span> <span class='ocrx_word' id='word_1_107' title='bbox 493 1774 642 1836; x_wconf 88' lang='lat' dir='ltr'>cunctatio</span> <span class='ocrx_word' id='word_1_108' title='bbox 655 1774 776 1833; x_wconf 86' lang='lat' dir='ltr'>mentis.</span> <span class='ocrx_word' id='word_1_109' title='bbox 854 1762 875 1865; x_wconf 43' lang='grc' dir='ltr'>Ἰ</span> <span class='ocrx_word' id='word_1_110' title='bbox 905 1804 922 1871; x_wconf 36' lang='grc' dir='ltr'>-θ</span> 
     </span>
     <span class='ocr_line' id='line_1_18' title="bbox 88 1866 747 1928; baseline -0.003 0"><span class='ocrx_word' id='word_1_111' title='bbox 88 1867 245 1928; x_wconf 80' lang='lat' dir='ltr'>Debuerat</span> <span class='ocrx_word' id='word_1_112' title='bbox 258 1869 348 1926; x_wconf 88' lang='lat' dir='ltr'>tardis</span> <span class='ocrx_word' id='word_1_113' title='bbox 361 1869 474 1927; x_wconf 81' lang='lat' dir='ltr'>haerens</span> <span class='ocrx_word' id='word_1_114' title='bbox 488 1868 623 1927; x_wconf 88' lang='lat' dir='ltr'>insistere</span> <span class='ocrx_word' id='word_1_115' title='bbox 636 1866 747 1927; x_wconf 84' lang='lat' dir='ltr'>verbis.</span> 
     </span>
    </p>

    <p class='ocr_par' dir='ltr' id='par_1_2' title="bbox 58 1959 924 2318">
     <span class='ocr_line' id='line_1_19' title="bbox 89 1959 924 2043; baseline -0.001 -23"><span class='ocrx_word' id='word_1_116' title='bbox 89 1959 183 2021; x_wconf 88' lang='lat' dir='ltr'>Nunc</span> <span class='ocrx_word' id='word_1_117' title='bbox 196 1982 265 2043; x_wconf 79' lang='lat' dir='ltr'>ego,</span> <span class='ocrx_word' id='word_1_118' title='bbox 278 1982 367 2039; x_wconf 90' lang='lat' dir='ltr'>quem</span> <span class='ocrx_word' id='word_1_119' title='bbox 385 1960 550 2034; x_wconf 86' lang='lat' dir='ltr'>Dominus,</span> <span class='ocrx_word' id='word_1_120' title='bbox 572 1959 638 2019; x_wconf 85' lang='lat' dir='ltr'>coeli</span> <span class='ocrx_word' id='word_1_121' title='bbox 653 1966 924 2041; x_wconf 64' lang='lat' dir='ltr'>terraeque-nepem</span> 
     </span>
     <span class='ocr_line' id='line_1_20' title="bbox 88 2052 898 2135; baseline -0.006 -21"><span class='ocrx_word' id='word_1_122' title='bbox 88 2053 168 2114; x_wconf 86' lang='lat' dir='ltr'>Ante</span> <span class='ocrx_word' id='word_1_123' title='bbox 182 2074 251 2112; x_wconf 85' lang='lat' dir='ltr'>suos</span> <span class='ocrx_word' id='word_1_124' title='bbox 263 2053 358 2111; x_wconf 86' lang='lat' dir='ltr'>vultus</span> <span class='ocrx_word' id='word_1_125' title='bbox 369 2052 463 2135; x_wconf 74' lang='lat' dir='ltr'>uoluit</span> <span class='ocrx_word' id='word_1_126' title='bbox 477 2072 583 2130; x_wconf 90' lang='lat' dir='ltr'>parere</span> <span class='ocrx_word' id='word_1_127' title='bbox 595 2053 783 2126; x_wconf 86' lang='lat' dir='ltr'>ministrum,</span> <span class='ocrx_word' id='word_1_128' title='bbox 864 2100 867 2105; x_wconf 95' lang='lat'>.</span> <span class='ocrx_word' id='word_1_129' title='bbox 894 2128 898 2135; x_wconf 37' lang='grc' dir='ltr'>Ι</span> 
     </span>
     <span class='ocr_line' id='line_1_21' title="bbox 58 2132 827 2227; baseline -0.005 -21"><span class='ocrx_word' id='word_1_130' title='bbox 58 2174 69 2193; x_wconf 68' lang='lat'><em>1</em></span> <span class='ocrx_word' id='word_1_131' title='bbox 89 2145 221 2206; x_wconf 87' lang='lat' dir='ltr'>Auribus</span> <span class='ocrx_word' id='word_1_132' title='bbox 234 2146 353 2227; x_wconf 85' lang='lat' dir='ltr'>ingratis</span> <span class='ocrx_word' id='word_1_133' title='bbox 365 2145 513 2222; x_wconf 84' lang='lat' dir='ltr'>hominis,</span> <span class='ocrx_word' id='word_1_134' title='bbox 530 2145 651 2222; x_wconf 88' lang='lat' dir='ltr'>visuque</span> <span class='ocrx_word' id='word_1_135' title='bbox 666 2132 827 2222; x_wconf 82' lang='lat' dir='ltr'>receptus,</span> 
     </span>
     <span class='ocr_line' id='line_1_22' title="bbox 90 2237 758 2318; baseline -0.004 -21"><span class='ocrx_word' id='word_1_136' title='bbox 90 2237 234 2318; x_wconf 87' lang='lat' dir='ltr'>Supremi</span> <span class='ocrx_word' id='word_1_137' title='bbox 247 2237 456 2297; x_wconf 69' lang='lat' dir='ltr'>mandatabei</span> <span class='ocrx_word' id='word_1_138' title='bbox 470 2238 629 2296; x_wconf 88' lang='lat' dir='ltr'>temnenda</span> <span class='ocrx_word' id='word_1_139' title='bbox 646 2237 758 2316; x_wconf 85' lang='lat' dir='ltr'>peregi.</span> 
     </span>
    </p>

    <p class='ocr_par' dir='ltr' id='par_1_3' title="bbox 89 2328 853 2579">
     <span class='ocr_line' id='line_1_23' title="bbox 90 2328 834 2412; baseline -0.005 -22"><span class='ocrx_word' id='word_1_140' title='bbox 90 2330 195 2408; x_wconf 86' lang='lat' dir='ltr'>Quare</span> <span class='ocrx_word' id='word_1_141' title='bbox 210 2332 363 2411; x_wconf 90' lang='lat' dir='ltr'>promissis</span> <span class='ocrx_word' id='word_1_142' title='bbox 378 2343 475 2389; x_wconf 90' lang='lat' dir='ltr'>manet</span> <span class='ocrx_word' id='word_1_143' title='bbox 488 2328 683 2412; x_wconf 73' lang='lat' dir='ltr'>irrerocabile</span> <span class='ocrx_word' id='word_1_144' title='bbox 696 2330 834 2399; x_wconf 66' lang='lat' dir='ltr'>donums</span> 
     </span>
     <span class='ocr_line' id='line_1_24' title="bbox 91 2421 853 2502; baseline 0 -20"><span class='ocrx_word' id='word_1_145' title='bbox 91 2421 152 2482; x_wconf 86' lang='lat' dir='ltr'>Sed</span> <span class='ocrx_word' id='word_1_146' title='bbox 163 2425 224 2484; x_wconf 67' lang='lat' dir='ltr'>tibi⁴</span> <span class='ocrx_word' id='word_1_147' title='bbox 232 2425 383 2484; x_wconf 85' lang='lat' dir='ltr'>claudetur</span> <span class='ocrx_word' id='word_1_148' title='bbox 397 2424 519 2502; x_wconf 68' lang='lat' dir='ltr'>trepidat</span> <span class='ocrx_word' id='word_1_149' title='bbox 532 2444 588 2482; x_wconf 80' lang='lat' dir='ltr'>vox</span> <span class='ocrx_word' id='word_1_150' title='bbox 600 2423 708 2481; x_wconf 91' lang='lat' dir='ltr'>nuncia</span> <span class='ocrx_word' id='word_1_151' title='bbox 722 2423 853 2496; x_wconf 63' lang='lat' dir='ltr'>mentm,</span> 
     </span>
     <span class='ocr_line' id='line_1_25' title="bbox 89 2515 807 2579; baseline -0.004 -2"><span class='ocrx_word' id='word_1_152' title='bbox 89 2517 200 2577; x_wconf 89' lang='lat' dir='ltr'>Donec</span> <span class='ocrx_word' id='word_1_153' title='bbox 214 2531 316 2579; x_wconf 87' lang='lat' dir='ltr'>cuncta</span> <span class='ocrx_word' id='word_1_154' title='bbox 330 2516 390 2576; x_wconf 86' lang='lat' dir='ltr'>Dei</span> <span class='ocrx_word' id='word_1_155' title='bbox 404 2517 559 2575; x_wconf 87' lang='lat' dir='ltr'>firmentur</span> <span class='ocrx_word' id='word_1_156' title='bbox 572 2536 696 2574; x_wconf 89' lang='lat' dir='ltr'>munera</span> <span class='ocrx_word' id='word_1_157' title='bbox 711 2515 807 2576; x_wconf 88' lang='lat' dir='ltr'>vobis.</span> 
     </span>
    </p>

    <p class='ocr_par' dir='ltr' id='par_1_4' title="bbox 91 2608 755 2683">
     <span class='ocr_line' id='line_1_26' title="bbox 91 2608 755 2683; baseline -0.005 -12"><span class='ocrx_word' id='word_1_158' title='bbox 91 2610 167 2671; x_wconf 79' lang='lat' dir='ltr'>Haec</span> <span class='ocrx_word' id='word_1_159' title='bbox 181 2612 238 2683; x_wconf 84' lang='lat' dir='ltr'>ait,</span> <span class='ocrx_word' id='word_1_160' title='bbox 254 2624 282 2669; x_wconf 90' lang='lat' dir='ltr'>et</span> <span class='ocrx_word' id='word_1_161' title='bbox 295 2631 357 2670; x_wconf 89' lang='lat' dir='ltr'>sese</span> <span class='ocrx_word' id='word_1_162' title='bbox 369 2611 479 2669; x_wconf 89' lang='lat' dir='ltr'>teneris</span> <span class='ocrx_word' id='word_1_163' title='bbox 493 2608 654 2668; x_wconf 86' lang='lat' dir='ltr'>immiscuit</span> <span class='ocrx_word' id='word_1_164' title='bbox 666 2608 755 2668; x_wconf 88' lang='lat' dir='ltr'>auris.</span> 
     </span>
    </p>

    <p class='ocr_par' dir='ltr' id='par_1_5' title="bbox 89 2701 775 2784">
     <span class='ocr_line' id='line_1_27' title="bbox 89 2701 775 2784; baseline -0.009 -19"><span class='ocrx_word' id='word_1_165' title='bbox 89 2704 208 2765; x_wconf 87' lang='lat' dir='ltr'>Interea</span> <span class='ocrx_word' id='word_1_166' title='bbox 223 2703 350 2784; x_wconf 92' lang='lat' dir='ltr'>populus</span> <span class='ocrx_word' id='word_1_167' title='bbox 365 2701 506 2762; x_wconf 88' lang='lat' dir='ltr'>miracula</span> <span class='ocrx_word' id='word_1_168' title='bbox 520 2702 607 2783; x_wconf 80' lang='lat' dir='ltr'>longa</span> <span class='ocrx_word' id='word_1_169' title='bbox 619 2701 775 2774; x_wconf 88' lang='lat' dir='ltr'>trahebat,</span> 
     </span>
    </p>

    <p class='ocr_par' dir='ltr' id='par_1_6' title="bbox 89 2794 868 3155">
     <span class='ocr_line' id='line_1_28' title="bbox 92 2794 868 2875; baseline -0.001 -19"><span class='ocrx_word' id='word_1_170' title='bbox 92 2796 177 2875; x_wconf 83' lang='lat' dir='ltr'>Quid</span> <span class='ocrx_word' id='word_1_171' title='bbox 191 2810 302 2856; x_wconf 88' lang='lat' dir='ltr'>tantum</span> <span class='ocrx_word' id='word_1_172' title='bbox 319 2797 348 2854; x_wconf 89' lang='lat' dir='ltr'>in</span> <span class='ocrx_word' id='word_1_173' title='bbox 363 2794 478 2875; x_wconf 85' lang='lat' dir='ltr'>templo</span> <span class='ocrx_word' id='word_1_174' title='bbox 492 2795 580 2854; x_wconf 86' lang='lat' dir='ltr'>vellet</span> <span class='ocrx_word' id='word_1_175' title='bbox 592 2814 706 2856; x_wconf 87' lang='lat' dir='ltr'>cessare</span> <span class='ocrx_word' id='word_1_176' title='bbox 720 2794 868 2855; x_wconf 83' lang='lat' dir='ltr'>sacerdos.</span> 
     </span>
     <span class='ocr_line' id='line_1_29' title="bbox 89 2886 805 2970; baseline -0.001 -23"><span class='ocrx_word' id='word_1_177' title='bbox 89 2886 232 2970; x_wconf 85' lang='lat' dir='ltr'>Egressus</span> <span class='ocrx_word' id='word_1_178' title='bbox 245 2890 377 2969; x_wconf 88' lang='lat' dir='ltr'>trepide,</span> <span class='ocrx_word' id='word_1_179' title='bbox 393 2908 504 2946; x_wconf 91' lang='lat' dir='ltr'>numen</span> <span class='ocrx_word' id='word_1_180' title='bbox 519 2886 625 2947; x_wconf 88' lang='lat' dir='ltr'>vidisse</span> <span class='ocrx_word' id='word_1_181' title='bbox 639 2906 805 2966; x_wconf 85' lang='lat' dir='ltr'>supernum</span> 
     </span>
     <span class='ocr_line' id='line_1_30' title="bbox 89 2979 820 3059; baseline -0.004 -18"><span class='ocrx_word' id='word_1_182' title='bbox 89 2980 222 3041; x_wconf 84' lang='lat' dir='ltr'>Nutibus</span> <span class='ocrx_word' id='word_1_183' title='bbox 237 2982 374 3053; x_wconf 85' lang='lat' dir='ltr'>edocuit,</span> <span class='ocrx_word' id='word_1_184' title='bbox 390 2981 504 3039; x_wconf 66' lang='lat' dir='ltr'>miserae</span> <span class='ocrx_word' id='word_1_185' title='bbox 518 2993 547 3039; x_wconf 92' lang='lat' dir='ltr'>et</span> <span class='ocrx_word' id='word_1_186' title='bbox 559 2979 714 3059; x_wconf 86' lang='lat' dir='ltr'>dispendia</span> <span class='ocrx_word' id='word_1_187' title='bbox 727 2979 820 3039; x_wconf 86' lang='lat' dir='ltr'>vocis.</span> 
     </span>
     <span class='ocr_line' id='line_1_31' title="bbox 91 3073 856 3155; baseline -0.003 -20"><span class='ocrx_word' id='word_1_188' title='bbox 91 3075 166 3147; x_wconf 83' lang='lat' dir='ltr'>lnde</span> <span class='ocrx_word' id='word_1_189' title='bbox 179 3077 304 3138; x_wconf 91' lang='lat' dir='ltr'>domum</span> <span class='ocrx_word' id='word_1_190' title='bbox 317 3087 430 3136; x_wconf 89' lang='lat' dir='ltr'>remeat</span> <span class='ocrx_word' id='word_1_191' title='bbox 443 3073 594 3155; x_wconf 79' lang='lat' dir='ltr'>completo</span> <span class='ocrx_word' id='word_1_192' title='bbox 609 3093 642 3133; x_wconf 85' lang='lat' dir='ltr'>ex</span> <span class='ocrx_word' id='word_1_193' title='bbox 655 3073 760 3135; x_wconf 88' lang='lat' dir='ltr'>ordine</span> <span class='ocrx_word' id='word_1_194' title='bbox 775 3085 856 3136; x_wconf 85' lang='lat' dir='ltr'>vates</span> 
     </span>
    </p>
   </div>
   <div class='ocr_carea' id='block_1_2' title="bbox 0 0 1028 3712">
    <p class='ocr_par' dir='ltr' id='par_1_7' title="bbox 0 0 1028 3712">
     <span class='ocr_line' id='line_1_32' title="bbox 0 0 1028 3712; baseline 0 0"><span class='ocrx_word' id='word_1_195' title='bbox 0 0 1028 3712; x_wconf 95' lang='lat' dir='ltr'> </span> 
     </span>
    </p>
   </div>
  </div>
 </body>
</html>
