2018 3714
118 307 179 349 2²²
421 299 451 353 ss
468 300 503 351 V.
518 302 550 353 Δ.
566 300 722 355 Juvuuct
880 306 966 373 npoq.

120 391 354 474 Contemnitque
368 393 438 456 ieris
450 394 558 455 animis
568 415 640 478 gens
651 395 751 477 impia
763 393 873 457 lucem.

119 484 162 547 Et
174 489 274 570 regina
286 489 349 547 noti
363 488 465 549 vitales
475 501 572 568 surget
582 489 614 548 in
625 508 704 549 oras.

120 576 204 641 lllius
217 582 254 639 ad
267 582 420 661 specimen
432 581 620 641 damnabitur
632 580 726 641 effera
739 578 870 661 plebes„

119 670 249 734 Finibus
262 673 399 737 extremis
413 672 516 756 Liltyae
528 674 608 753 quod
620 673 736 733 venerit
748 672 821 748 illa,

121 766 169 828 Ut
182 765 346 827 Salomone
358 766 458 847 pium,
472 766 627 847 praeceptis
640 765 740 825 dedita
750 766 856 846 justis,

122 861 248 920 Audiret
260 883 266 918 :
282 860 383 939 potior
393 880 473 921 nunc
483 872 525 920 est
537 857 701 920 Salomone
711 870 866 940 potestat,¹

122 952 165 1015 Et
178 967 278 1013 tamen
290 953 402 1014 obtusa
411 965 558 1015 cessantur
569 964 691 1034 pectora
703 951 815 1032 piebis.

123 1044 270 1128 Expulsus
282 1045 307 1105 si
319 1047 436 1124 quando
446 1046 521 1128 sugit
529 1047 566 1106 dc
577 1058 699 1127 pectore
711 1045 857 1129 daemonh'

127 1145 231 1226 Quem
242 1144 342 1205 turbat
353 1156 469 1205 sanctus
479 1156 602 1225 purgato
614 1162 742 1223 corpore
755 1138 866 1216 llatus,.

124 1239 183 1301 llle
195 1237 347 1301 venenatis
356 1237 506 1299 collustrat
517 1236 651 1319 passibus
663 1254 748 1309 oras,

128 1332 201 1410 Qua
212 1330 292 1391 nulla
306 1328 432 1390 excurrit
444 1328 557 1390 lontani
567 1328 687 1411 gurgitis
697 1326 795 1401 unda,

127 1423 198 1485 Nec
211 1422 347 1502 requiem
360 1420 482 1502 placidae
493 1422 572 1482 sedis
581 1422 638 1482 silri
655 1420 791 1501 repperit
801 1420 916 1481 ardent.

127 1515 215 1579 Tunc
228 1514 336 1595 repetit
346 1527 435 1577 suetae
445 1517 547 1578 sitiens
558 1514 726 1576 habitacula
735 1513 858 1575 ruentis.

128 1607 170 1669 At
182 1611 207 1669 si
220 1610 295 1671 sorte
309 1613 369 1672 suis
382 1611 509 1675 obnoxia
517 1610 607 1671 corda
619 1607 764 1682 venenis,

130 1700 308 1781 Ornatuque
319 1704 376 1764 levi
390 1704 515 1765 ridentia
526 1702 630 1762 limina
642 1702 758 1775 cernit,

127 1790 263 1856 Aseociat
275 1810 391 1877 septem
401 1797 512 1858 similes
522 1794 716 1877 glomerando
729 1793 848 1854 furores

128 1884 186 1946 Vis
199 1888 320 1950 inimica
331 1889 462 1966 homini,
478 1901 667 1970 penetratque
680 1887 712 1946 iu
724 1887 839 1948 viscera
851 1899 975 1964 serpenti

130 1978 183 2042 Sic
194 2002 284 2063 genus
294 1983 352 2044 hoc
364 2005 433 2044 vero
445 2005 530 2042 sensu
544 2003 611 2043 cum
622 1982 749 2062 degener
760 1990 859 2053 errat,

129 2072 261 2135 Vincula
273 2077 423 2154 perpetuis
437 2076 556 2137 dcilebit
568 2075 683 2134 subdita
696 2073 802 2153 poenis.
831 2152 834 2158 Ι
848 2086 853 2094 ’

171 2166 270 2244 Atque
284 2188 319 2227 ea
331 2169 402 2227 dum
415 2169 532 2249 populis
543 2168 642 2228 vitalia
655 2167 733 2227 dicta
745 2164 930 2242 frequentat,

130 2258 193 2319 Pro
207 2259 319 2319 loribus
333 2275 426 2321 mater
439 2284 505 2322 cum
520 2262 657 2321 iratribus
669 2258 759 2319 astitit
772 2257 855 2333 illic,

130 2350 172 2411 Et
188 2353 313 2413 miscere
326 2352 398 2413 loris
411 2374 579 2414 sermonem
593 2353 731 2413 cominus
748 2362 826 2410 orat.

132 2442 223 2504 Talia
232 2457 295 2504 tum
310 2448 412 2506 matris
425 2449 570 2508 mandatis
584 2448 662 2507 dicta
674 2445 799 2505 remittit
814 2469 821 2504 :

131 2535 194 2597 Hic
209 2557 325 2615 mecum
337 2539 477 2620 genitrix,
492 2560 610 2599 mecum
624 2558 764 2619 germana
777 2538 913 2598 residunt

133 2627 281 2709 Corpora.
296 2628 378 2690 Nam
396 2633 490 2710 patria
504 2632 649 2711 impletur
664 2631 829 2710 cuicunque
842 2632 980 2703 voluntat,

129 2721 186 2782 llle
199 2743 267 2782 meo
282 2725 440 2802 proprium
456 2725 607 2784 connectit
618 2724 897 2806 sanguinocorpus,

130 2811 172 2879 Et
185 2815 305 2888 matris,
327 2818 499 2898 generisque
515 2816 575 2874 mei
590 2818 646 2876 sub
659 2818 782 2878 nornine
795 2819 929 2881 habetur.

171 2904 362 2989 Progreditur
375 2908 488 2992 templo
502 2917 655 2967 terrarum
666 2911 768 2970 lumen
781 2910 884 2990 lesus,

129 2996 270 3074 Etmaris
284 3016 427 3083 extrema,
442 3018 598 3074 terraeque
612 3004 721 3062 resedit
730 3005 761 3062 in
774 3024 844 3084 ora,

128 3088 352 3180 Innumeraeque
364 3099 433 3165 illuc
444 3090 560 3186 plebis
571 3086 680 3154 tinxere
693 3110 829 3165 catervae.
