2018 3714
77 288 138 349 nt
283 300 425 353 cetron
442 299 546 352 ntnn
562 301 735 356 vtcronts
845 292 928 369 etot

73 392 120 453 Ex
131 412 191 470 quo
201 391 359 453 hominem
372 405 460 453 terrae
471 394 637 469 immersti,
651 388 808 457 eustratus
820 397 914 479 iniquo

74 483 218 546 Membra
229 484 312 557 solo,
327 486 433 543 duram
445 484 574 546 sulcabit
584 497 711 567 pectore
724 501 857 568 terram,

73 576 116 637 Et
128 577 235 636 vetitos
244 589 359 637 tentare
370 578 454 637 cibos
465 577 536 656 qnia
548 577 674 653 feceris,
687 580 763 643 binc
775 584 840 665 jam

74 669 156 754 titis
165 690 287 751 semper
297 672 367 730 edes
378 670 545 748 squalentia
557 672 672 733 viscere
683 685 788 737 terrae.

74 763 119 825 Et
127 766 197 844 quia
207 778 235 825 te
246 765 342 847 dignae
352 765 465 845 placuit
475 764 531 824 tibi
542 765 660 846 primus
671 779 704 826 nt
717 788 807 831 essee·

76 857 221 919 Inventor
232 858 339 916 mortis
351 877 440 937 poena
453 858 585 918 moriere
598 861 748 938 perenni,

76 950 271 1029 llumaniqne
284 952 388 1010 odium
397 951 516 1033 generis
528 952 701 1032 specialiter
712 954 747 1014 in
760 967 793 1016 te
808 999 820 1030 ‚

76 1045 124 1106 Ae
134 1065 227 1128 genus
238 1063 330 1104 omne
339 1056 425 1103 tuum
437 1042 520 1104 bello
531 1046 686 1125 experiere
699 1048 839 1127 potenti,

76 1135 321 1220 Perpetuumque
333 1138 391 1212 tui,
403 1158 486 1197 mors
499 1150 532 1197 ut
543 1138 599 1198 tibi
612 1138 718 1222 longa,
731 1140 886 1203 timorem.

75 1229 151 1291 Esse
164 1232 242 1292 dabo
255 1255 263 1291 :
276 1230 401 1311 pedibus
413 1251 517 1310 repes,
532 1243 562 1290 et
573 1245 696 1311 pectore
710 1252 813 1313 prono
828 1258 838 1295 ε

76 1321 182 1403 Teque
195 1337 247 1384 tuo
260 1323 370 1383 mulier
379 1323 509 1405 perimet
521 1344 591 1384 cum
603 1324 738 1399 semine,
752 1328 837 1408 cujus
854 1330 858 1337 “

79 1414 215 1478 Callidus
224 1418 362 1477 extremis
370 1416 487 1476 tantum
499 1416 679 1477 insidiabere
692 1417 834 1498 plantis„

77 1507 125 1570 Ut
137 1511 288 1592 trepidans
298 1510 390 1570 etiarn
401 1510 494 1590 capiti
505 1509 633 1593 vestigia·
639 1510 715 1591 figat.

119 1601 220 1677 Dixit,
235 1615 265 1663 et
278 1622 453 1684 exsanguem
466 1602 509 1663 sic
521 1615 565 1662 est
579 1622 698 1663 exorsus
711 1604 743 1662 in
758 1603 875 1667 Evam:

76 1693 119 1755 Et
130 1709 160 1754 tu
170 1717 236 1774 quae
248 1696 375 1754 minimo
388 1695 485 1755 solam
498 1709 528 1755 te
543 1697 670 1777 perdere
684 1695 783 1757 lrnctn

77 1785 153 1847 Non
166 1800 321 1862 contenta,
335 1787 434 1849 virum
446 1788 559 1848 similes
569 1788 728 1849 temeraria
740 1790 772 1848 in
786 1810 885 1852 ansus·

78 1878 224 1951 Traxisti;
241 1881 333 1942 instar
346 1881 405 1941 eris
418 1881 556 1956 famulae,
571 1883 760 1963 subjectaque
772 1885 874 1945 duros·

77 1973 246 2034 Arbitrium
259 1994 379 2036 sensura
393 1975 454 2034 viri.
463 1977 577 2055 patiere
592 1975 718 2035 labores.

80 2066 206 2129 Casibus
220 2082 247 2129 et
262 2091 332 2130 vero
348 2069 526 2148 (inceptum
537 2070 679 2148 qnoniam
693 2069 780 2149 prior
792 2089 865 2130 ausa
877 2090 915 2130 ea

78 2160 284 2244 lllnltiplicare
298 2164 379 2223 nefas
392 2168 405 2240 )
419 2184 543 2243 semper
553 2164 711 2224 versabere
725 2163 840 2224 multis.

79 2253 160 2315 'l'um
174 2257 294 2336 pariens
308 2257 420 2319 crebris
435 2258 511 2316 adeo
524 2258 703 2336 torquebere
716 2258 793 2316 natis
805 2300 822 2332 r

79 2345 126 2406 Ut
137 2369 211 2428 quos
224 2351 364 2411 mortales
377 2350 465 2411 faciet
477 2352 527 2409 t'ua
540 2349 627 2428 culpa
641 2350 755 2425 creari,

80 2439 191 2503 Mortis
205 2463 420 2524 nonnunquam
433 2443 538 2505 lacerae
551 2444 609 2504 sint
622 2463 707 2504 cansa
719 2443 850 2525 parentii

119 2534 169 2595 'fu
181 2556 299 2616 qnoque
311 2539 358 2599 cui
370 2537 501 2598 monitus
513 2550 650 2610 nostros,
666 2549 695 2596 et
707 2536 808 2616 prima
822 2536 923 2597 salutis

80 2627 211 2690 Vincula
226 2631 364 2692 femineis
377 2620 561 2711 postponere
574 2630 725 2689 fraudibus
737 2649 826 2704 auso,

80 2720 196 2804 Sponte
209 2726 288 2784 mori
299 2725 410 2805 placuit
421 2748 428 2783 ε
441 2724 532 2785 talem
546 2744 614 2783 reus
625 2723 726 2802 excipe
740 2736 869 2785 sortem.

84 2813 272 2877 Criminibus
284 2818 392 2894 tellus,
407 2839 497 2897 quarn
510 2830 541 2876 tn
554 2815 682 2876 sulcabis
693 2828 793 2875 aratro
808 2858 819 2890 ‚

81 2906 129 2967 Sit
142 2908 298 2973 rualedicta
308 2913 382 2985 tuis,
396 2912 496 2991 spinas
508 2908 689 2984 tribulosque
702 2907 837 2969 minaces

84 2997 275 3076 collaterat,
291 3005 429 3084 fallatque
442 3012 525 3064 tunm
538 3020 605 3080 spes
618 2999 760 3080 improba
778 3015 890 3062 votnm.

81 3090 150 3159 Nec
162 3094 217 3156 tibi
229 3108 307 3159 terra
319 3099 410 3161 tidem
421 3108 518 3161 servet
530 3118 538 3154 ι
551 3107 585 3155 tu
596 3094 696 3157 vivere
709 3091 793 3157 laetus
